<?xml version="1.0" encoding="UTF-8"?>
<!DOCTYPE html PUBLIC "-//W3C//DTD XHTML 1.0 Transitional//EN"
    "http://www.w3.org/TR/xhtml1/DTD/xhtml1-transitional.dtd">
<html xmlns="http://www.w3.org/1999/xhtml" xml:lang="en" lang="en">
 <head>
  <title>
</title>
<meta http-equiv="Content-Type" content="text/html;charset=utf-8" />
  <meta name='ocr-system' content='tesseract 3.04.00' />
  <meta name='ocr-capabilities' content='ocr_page ocr_carea ocr_par ocr_line ocrx_word'/>
</head>
<body>
  <div class='ocr_page' id='page_1' title='image "./historiaecclesi00haldgoog_0079.png"; bbox 0 0 5002 6366; ppageno 0'>
   <div class='ocr_carea' id='block_1_1' title="bbox 145 343 2468 3189">
    <p class='ocr_par' dir='ltr' id='par_1_1' title="bbox 179 343 2374 936">
     <span class='ocr_line' id='line_1_1' title="bbox 179 343 2368 466; baseline -0.001 -20"><span class='ocrx_word' id='word_1_1' title='bbox 179 403 316 460; x_wconf 71' lang='lat' dir='ltr'>ramera,</span> <span class='ocrx_word' id='word_1_2' title='bbox 342 378 403 444; x_wconf 82' lang='lat' dir='ltr'>nisa</span> <span class='ocrx_word' id='word_1_3' title='bbox 425 384 574 466; x_wconf 76' lang='lat' dir='ltr'>expertus</span> <span class='ocrx_word' id='word_1_4' title='bbox 595 382 711 458; x_wconf 73' lang='lat' dir='ltr'>msem,</span> <span class='ocrx_word' id='word_1_5' title='bbox 740 371 911 438; x_wconf 86' lang='lat' dir='ltr'>etiamnum</span> <span class='ocrx_word' id='word_1_6' title='bbox 931 367 1084 451; x_wconf 86' lang='lat' dir='ltr'>inveniri,</span> <span class='ocrx_word' id='word_1_7' title='bbox 1114 368 1168 459; x_wconf 80' lang='lat' dir='ltr'>qvi</span> <span class='ocrx_word' id='word_1_8' title='bbox 1189 369 1284 436; x_wconf 84' lang='lat' dir='ltr'>dere</span> <span class='ocrx_word' id='word_1_9' title='bbox 1306 369 1339 436; x_wconf 90' lang='lat' dir='ltr'>in</span> <span class='ocrx_word' id='word_1_10' title='bbox 1360 368 1444 436; x_wconf 81' lang='lat' dir='ltr'>laeto</span> <span class='ocrx_word' id='word_1_11' title='bbox 1465 371 1569 460; x_wconf 89' lang='lat' dir='ltr'>posita</span> <span class='ocrx_word' id='word_1_12' title='bbox 1589 395 1655 438; x_wconf 90' lang='lat' dir='ltr'>nou</span> <span class='ocrx_word' id='word_1_13' title='bbox 1676 385 1833 462; x_wconf 73' lang='lat' dir='ltr'>quaerant,</span> <span class='ocrx_word' id='word_1_14' title='bbox 1867 343 2025 462; x_wconf 35' lang='lat' dir='ltr'>qul—laeta</span> <span class='ocrx_word' id='word_1_15' title='bbox 2045 373 2102 444; x_wconf 72' lang='lat' dir='ltr'>sit,</span> <span class='ocrx_word' id='word_1_16' title='bbox 2133 373 2211 440; x_wconf 89' lang='lat' dir='ltr'>bene</span> <span class='ocrx_word' id='word_1_17' title='bbox 2230 399 2269 441; x_wconf 87' lang='lat' dir='ltr'>an</span> <span class='ocrx_word' id='word_1_18' title='bbox 2287 379 2368 462; x_wconf 85' lang='lat' dir='ltr'>male,</span> 
     </span>
     <span class='ocr_line' id='line_1_2' title="bbox 180 487 2372 587; baseline -0.002 -21"><span class='ocrx_word' id='word_1_19' title='bbox 180 501 237 566; x_wconf 88' lang='lat' dir='ltr'>sed</span> <span class='ocrx_word' id='word_1_20' title='bbox 259 523 277 562; x_wconf 92' lang='lat' dir='ltr'>a</span> <span class='ocrx_word' id='word_1_21' title='bbox 298 495 415 587; x_wconf 81' lang='lat' dir='ltr'>priori,</span> <span class='ocrx_word' id='word_1_22' title='bbox 438 493 482 558; x_wconf 91' lang='lat' dir='ltr'>uti</span> <span class='ocrx_word' id='word_1_23' title='bbox 504 493 565 558; x_wconf 90' lang='lat' dir='ltr'>dici</span> <span class='ocrx_word' id='word_1_24' title='bbox 586 491 686 574; x_wconf 89' lang='lat' dir='ltr'>solet,</span> <span class='ocrx_word' id='word_1_25' title='bbox 707 513 763 557; x_wconf 90' lang='lat' dir='ltr'>seu</span> <span class='ocrx_word' id='word_1_26' title='bbox 785 513 825 556; x_wconf 84' lang='lat' dir='ltr'>ex</span> <span class='ocrx_word' id='word_1_27' title='bbox 846 487 1029 554; x_wconf 90' lang='lat' dir='ltr'>notionibus</span> <span class='ocrx_word' id='word_1_28' title='bbox 1052 487 1238 576; x_wconf 75' lang='lat' dir='ltr'>quibusdam</span> <span class='ocrx_word' id='word_1_29' title='bbox 1259 489 1358 576; x_wconf 70' lang='lat' dir='ltr'>vulgo</span> <span class='ocrx_word' id='word_1_30' title='bbox 1379 489 1520 578; x_wconf 87' lang='lat' dir='ltr'>probatis</span> <span class='ocrx_word' id='word_1_31' title='bbox 1542 489 1718 584; x_wconf 88' lang='lat' dir='ltr'>disputent,</span> <span class='ocrx_word' id='word_1_32' title='bbox 1747 501 1853 578; x_wconf 86' lang='lat' dir='ltr'>utrum</span> <span class='ocrx_word' id='word_1_33' title='bbox 1873 492 1943 558; x_wconf 92' lang='lat' dir='ltr'>lieri</span> <span class='ocrx_word' id='word_1_34' title='bbox 1963 493 2074 584; x_wconf 89' lang='lat' dir='ltr'>possit,</span> <span class='ocrx_word' id='word_1_35' title='bbox 2096 517 2154 560; x_wconf 89' lang='lat' dir='ltr'>nec</span> <span class='ocrx_word' id='word_1_36' title='bbox 2173 517 2223 576; x_wconf 90' lang='lat' dir='ltr'>ne,</span> <span class='ocrx_word' id='word_1_37' title='bbox 2244 506 2273 560; x_wconf 86' lang='lat' dir='ltr'>et</span> <span class='ocrx_word' id='word_1_38' title='bbox 2293 499 2372 584; x_wconf 73' lang='lat' dir='ltr'>quasi</span> 
     </span>
     <span class='ocr_line' id='line_1_3' title="bbox 181 607 2374 701; baseline -0.001 -18"><span class='ocrx_word' id='word_1_39' title='bbox 181 615 223 682; x_wconf 96' lang='lat' dir='ltr'>ob</span> <span class='ocrx_word' id='word_1_40' title='bbox 245 615 345 682; x_wconf 89' lang='lat' dir='ltr'>solam</span> <span class='ocrx_word' id='word_1_41' title='bbox 366 613 413 678; x_wconf 92' lang='lat' dir='ltr'>rei</span> <span class='ocrx_word' id='word_1_42' title='bbox 441 612 611 677; x_wconf 84' lang='lat' dir='ltr'>novitatem</span> <span class='ocrx_word' id='word_1_43' title='bbox 637 608 727 673; x_wconf 91' lang='lat' dir='ltr'>nihili</span> <span class='ocrx_word' id='word_1_44' title='bbox 748 631 818 673; x_wconf 88' lang='lat' dir='ltr'>csse</span> <span class='ocrx_word' id='word_1_45' title='bbox 839 631 908 672; x_wconf 89' lang='lat' dir='ltr'>eam</span> <span class='ocrx_word' id='word_1_46' title='bbox 928 607 1133 690; x_wconf 77' lang='lat' dir='ltr'>affirment*)</span> <span class='ocrx_word' id='word_1_47' title='bbox 1176 607 1252 672; x_wconf 78' lang='lat' dir='ltr'>Alia</span> <span class='ocrx_word' id='word_1_48' title='bbox 1274 607 1403 695; x_wconf 76' lang='lat' dir='ltr'>questio</span> <span class='ocrx_word' id='word_1_49' title='bbox 1424 618 1482 693; x_wconf 88' lang='lat' dir='ltr'>est,</span> <span class='ocrx_word' id='word_1_50' title='bbox 1504 631 1580 674; x_wconf 91' lang='lat' dir='ltr'>num</span> <span class='ocrx_word' id='word_1_51' title='bbox 1600 611 1785 676; x_wconf 71' lang='lat' dir='ltr'>successerit</span> <span class='ocrx_word' id='word_1_52' title='bbox 1806 609 1928 678; x_wconf 87' lang='lat' dir='ltr'>cuidam</span> <span class='ocrx_word' id='word_1_53' title='bbox 1950 611 2012 678; x_wconf 88' lang='lat' dir='ltr'>tale</span> <span class='ocrx_word' id='word_1_54' title='bbox 2033 613 2206 701; x_wconf 90' lang='lat' dir='ltr'>periculum</span> <span class='ocrx_word' id='word_1_55' title='bbox 2225 613 2374 680; x_wconf 87' lang='lat' dir='ltr'>historiam</span> 
     </span>
     <span class='ocr_line' id='line_1_4' title="bbox 183 724 2374 822; baseline -0.001 -23"><span class='ocrx_word' id='word_1_56' title='bbox 183 746 246 800; x_wconf 89' lang='lat' dir='ltr'>tam</span> <span class='ocrx_word' id='word_1_57' title='bbox 268 757 307 798; x_wconf 80' lang='lat' dir='ltr'>ex</span> <span class='ocrx_word' id='word_1_58' title='bbox 329 729 529 822; x_wconf 65' lang='lat' dir='ltr'>pragmaticae</span> <span class='ocrx_word' id='word_1_59' title='bbox 550 727 739 794; x_wconf 71' lang='lat' dir='ltr'>narrationis</span> <span class='ocrx_word' id='word_1_60' title='bbox 762 749 857 816; x_wconf 79' lang='lat' dir='ltr'>qvam</span> <span class='ocrx_word' id='word_1_61' title='bbox 879 748 918 790; x_wconf 85' lang='lat' dir='ltr'>ex</span> <span class='ocrx_word' id='word_1_62' title='bbox 940 724 1117 790; x_wconf 87' lang='lat' dir='ltr'>tabularum</span> <span class='ocrx_word' id='word_1_63' title='bbox 1138 725 1261 790; x_wconf 87' lang='lat' dir='ltr'>ratione</span> <span class='ocrx_word' id='word_1_64' title='bbox 1280 726 1436 810; x_wconf 89' lang='lat' dir='ltr'>tradendi,</span> <span class='ocrx_word' id='word_1_65' title='bbox 1465 726 1550 816; x_wconf 78' lang='lat' dir='ltr'>qvod</span> <span class='ocrx_word' id='word_1_66' title='bbox 1571 736 1676 792; x_wconf 86' lang='lat' dir='ltr'>utrum</span> <span class='ocrx_word' id='word_1_67' title='bbox 1697 727 1737 794; x_wconf 89' lang='lat' dir='ltr'>dc</span> <span class='ocrx_word' id='word_1_68' title='bbox 1757 753 1809 794; x_wconf 92' lang='lat' dir='ltr'>me</span> <span class='ocrx_word' id='word_1_69' title='bbox 1829 727 1941 815; x_wconf 85' lang='lat' dir='ltr'>valcat,</span> <span class='ocrx_word' id='word_1_70' title='bbox 1963 753 2023 796; x_wconf 91' lang='lat' dir='ltr'>nee</span> <span class='ocrx_word' id='word_1_71' title='bbox 2043 753 2094 814; x_wconf 90' lang='lat' dir='ltr'>ue,</span> <span class='ocrx_word' id='word_1_72' title='bbox 2115 732 2208 821; x_wconf 88' lang='lat' dir='ltr'>periti</span> <span class='ocrx_word' id='word_1_73' title='bbox 2228 754 2374 814; x_wconf 76' lang='lat' dir='ltr'>censores,</span> 
     </span>
     <span class='ocr_line' id='line_1_5' title="bbox 182 843 1113 936; baseline -0.011 -18"><span class='ocrx_word' id='word_1_74' title='bbox 182 863 216 918; x_wconf 90' lang='grc' dir='ltr'>ιιι</span> <span class='ocrx_word' id='word_1_75' title='bbox 237 851 393 919; x_wconf 83' lang='lat' dir='ltr'>subtiliter</span> <span class='ocrx_word' id='word_1_76' title='bbox 408 849 563 936; x_wconf 83' lang='lat' dir='ltr'>judicent,</span> <span class='ocrx_word' id='word_1_77' title='bbox 584 849 633 912; x_wconf 88' lang='lat' dir='ltr'>his</span> <span class='ocrx_word' id='word_1_78' title='bbox 654 845 767 912; x_wconf 85' lang='lat' dir='ltr'>litteris</span> <span class='ocrx_word' id='word_1_79' title='bbox 788 845 866 912; x_wconf 88' lang='lat' dir='ltr'>meis</span> <span class='ocrx_word' id='word_1_80' title='bbox 886 843 990 931; x_wconf 75' lang='lat' dir='ltr'>rogati</span> <span class='ocrx_word' id='word_1_81' title='bbox 1010 852 1113 910; x_wconf 89' lang='lat' dir='ltr'>sunto.</span> 
     </span>
    </p>

    <p class='ocr_par' dir='ltr' id='par_1_2' title="bbox 145 961 2381 1531">
     <span class='ocr_line' id='line_1_6' title="bbox 145 961 2378 1072; baseline 0 -39"><span class='ocrx_word' id='word_1_82' title='bbox 145 1057 152 1072; x_wconf 60' lang='lat'>„</span> <span class='ocrx_word' id='word_1_83' title='bbox 308 968 428 1034; x_wconf 80' lang='lat' dir='ltr'>Eadem</span> <span class='ocrx_word' id='word_1_84' title='bbox 449 977 554 1032; x_wconf 88' lang='lat' dir='ltr'>autem</span> <span class='ocrx_word' id='word_1_85' title='bbox 575 966 740 1032; x_wconf 81' lang='lat' dir='ltr'>methodus</span> <span class='ocrx_word' id='word_1_86' title='bbox 762 963 961 1030; x_wconf 80' lang='lat' dir='ltr'>difficultates</span> <span class='ocrx_word' id='word_1_87' title='bbox 981 961 1081 1050; x_wconf 70' lang='lat' dir='ltr'>longe</span> <span class='ocrx_word' id='word_1_88' title='bbox 1100 961 1253 1052; x_wconf 86' lang='lat' dir='ltr'>plurimas</span> <span class='ocrx_word' id='word_1_89' title='bbox 1274 963 1382 1045; x_wconf 85' lang='lat' dir='ltr'>allert,</span> <span class='ocrx_word' id='word_1_90' title='bbox 1411 963 1467 1038; x_wconf 83' lang='lat' dir='ltr'>sed</span> <span class='ocrx_word' id='word_1_91' title='bbox 1489 987 1542 1030; x_wconf 88' lang='lat' dir='ltr'>eas</span> <span class='ocrx_word' id='word_1_92' title='bbox 1563 974 1668 1030; x_wconf 88' lang='lat' dir='ltr'>tamen</span> <span class='ocrx_word' id='word_1_93' title='bbox 1688 965 1856 1031; x_wconf 85' lang='lat' dir='ltr'>maximam</span> <span class='ocrx_word' id='word_1_94' title='bbox 1875 977 1998 1057; x_wconf 89' lang='lat' dir='ltr'>partem</span> <span class='ocrx_word' id='word_1_95' title='bbox 2018 967 2278 1058; x_wconf 68' lang='lat' dir='ltr'>typographicae,</span> <span class='ocrx_word' id='word_1_96' title='bbox 2306 991 2378 1058; x_wconf 77' lang='lat' dir='ltr'>quas</span> 
     </span>
     <span class='ocr_line' id='line_1_7' title="bbox 182 1075 2379 1178; baseline -0.001 -24"><span class='ocrx_word' id='word_1_97' title='bbox 182 1087 342 1178; x_wconf 79' lang='lat' dir='ltr'>equidem,</span> <span class='ocrx_word' id='word_1_98' title='bbox 370 1096 523 1175; x_wconf 77' lang='lat' dir='ltr'>quantum</span> <span class='ocrx_word' id='word_1_99' title='bbox 543 1083 613 1149; x_wconf 88' lang='lat' dir='ltr'>lieri</span> <span class='ocrx_word' id='word_1_100' title='bbox 634 1083 787 1172; x_wconf 88' lang='lat' dir='ltr'>potuerit,</span> <span class='ocrx_word' id='word_1_101' title='bbox 809 1105 959 1170; x_wconf 89' lang='lat' dir='ltr'>superare</span> <span class='ocrx_word' id='word_1_102' title='bbox 979 1081 1094 1146; x_wconf 90' lang='lat' dir='ltr'>studui.</span> <span class='ocrx_word' id='word_1_103' title='bbox 1138 1075 1194 1146; x_wconf 90' lang='lat' dir='ltr'>Sic</span> <span class='ocrx_word' id='word_1_104' title='bbox 1214 1103 1291 1146; x_wconf 77' lang='lat' dir='ltr'>vero</span> <span class='ocrx_word' id='word_1_105' title='bbox 1312 1100 1442 1147; x_wconf 87' lang='lat' dir='ltr'>necesse</span> <span class='ocrx_word' id='word_1_106' title='bbox 1462 1092 1547 1164; x_wconf 87' lang='lat' dir='ltr'>erat,</span> <span class='ocrx_word' id='word_1_107' title='bbox 1579 1094 1662 1148; x_wconf 78' lang='lat' dir='ltr'>note</span> <span class='ocrx_word' id='word_1_108' title='bbox 1683 1083 1724 1148; x_wconf 91' lang='lat' dir='ltr'>ad</span> <span class='ocrx_word' id='word_1_109' title='bbox 1744 1083 1862 1150; x_wconf 88' lang='lat' dir='ltr'>calcem</span> <span class='ocrx_word' id='word_1_110' title='bbox 1883 1084 1957 1150; x_wconf 91' lang='lat' dir='ltr'>libri</span> <span class='ocrx_word' id='word_1_111' title='bbox 1977 1085 2191 1171; x_wconf 85' lang='lat' dir='ltr'>rejicerentur.</span> <span class='ocrx_word' id='word_1_112' title='bbox 2242 1085 2379 1173; x_wconf 72' lang='lat' dir='ltr'>Quodsi</span> 
     </span>
     <span class='ocr_line' id='line_1_8' title="bbox 182 1197 2381 1298; baseline -0.002 -26"><span class='ocrx_word' id='word_1_113' title='bbox 182 1208 253 1298; x_wconf 78' lang='lat' dir='ltr'>qvis</span> <span class='ocrx_word' id='word_1_114' title='bbox 275 1229 359 1294; x_wconf 73' lang='lat' dir='ltr'>egre</span> <span class='ocrx_word' id='word_1_115' title='bbox 381 1206 472 1288; x_wconf 78' lang='lat' dir='ltr'>terat,</span> <span class='ocrx_word' id='word_1_116' title='bbox 494 1203 632 1268; x_wconf 85' lang='lat' dir='ltr'>attendat</span> <span class='ocrx_word' id='word_1_117' title='bbox 652 1201 758 1282; x_wconf 81' lang='lat' dir='ltr'>velim,</span> <span class='ocrx_word' id='word_1_118' title='bbox 780 1200 885 1265; x_wconf 92' lang='lat' dir='ltr'>mein</span> <span class='ocrx_word' id='word_1_119' title='bbox 906 1201 955 1265; x_wconf 90' lang='lat' dir='ltr'>his</span> <span class='ocrx_word' id='word_1_120' title='bbox 977 1223 1013 1264; x_wconf 88' lang='lat' dir='ltr'>ea</span> <span class='ocrx_word' id='word_1_121' title='bbox 1034 1198 1103 1265; x_wconf 89' lang='lat' dir='ltr'>sola</span> <span class='ocrx_word' id='word_1_122' title='bbox 1125 1197 1343 1288; x_wconf 77' lang='lat' dir='ltr'>disputavisse,</span> <span class='ocrx_word' id='word_1_123' title='bbox 1365 1221 1435 1288; x_wconf 73' lang='lat' dir='ltr'>qve</span> <span class='ocrx_word' id='word_1_124' title='bbox 1455 1210 1589 1288; x_wconf 84' lang='lat' dir='ltr'>propter</span> <span class='ocrx_word' id='word_1_125' title='bbox 1609 1210 1771 1266; x_wconf 82' lang='lat' dir='ltr'>externam</span> <span class='ocrx_word' id='word_1_126' title='bbox 1792 1212 1896 1266; x_wconf 83' lang='lat' dir='ltr'>textus</span> <span class='ocrx_word' id='word_1_127' title='bbox 1916 1204 2133 1271; x_wconf 70' lang='lat' dir='ltr'>oeconomiam</span> <span class='ocrx_word' id='word_1_128' title='bbox 2153 1205 2187 1270; x_wconf 93' lang='lat' dir='ltr'>in</span> <span class='ocrx_word' id='word_1_129' title='bbox 2206 1202 2275 1292; x_wconf 88' lang='lat' dir='ltr'>ipsa</span> <span class='ocrx_word' id='word_1_130' title='bbox 2291 1203 2381 1268; x_wconf 81' lang='lat' dir='ltr'>verba</span> 
     </span>
     <span class='ocr_line' id='line_1_9' title="bbox 182 1297 2381 1416; baseline -0.003 -24"><span class='ocrx_word' id='word_1_131' title='bbox 182 1326 282 1416; x_wconf 91' lang='lat' dir='ltr'>recipi</span> <span class='ocrx_word' id='word_1_132' title='bbox 303 1323 512 1414; x_wconf 73' lang='lat' dir='ltr'>nequiverint</span> <span class='ocrx_word' id='word_1_133' title='bbox 565 1303 709 1386; x_wconf 78' lang='lat' dir='ltr'>Habebis</span> <span class='ocrx_word' id='word_1_134' title='bbox 730 1318 814 1384; x_wconf 89' lang='lat' dir='ltr'>enim</span> <span class='ocrx_word' id='word_1_135' title='bbox 834 1318 868 1384; x_wconf 91' lang='lat' dir='ltr'>in</span> <span class='ocrx_word' id='word_1_136' title='bbox 890 1317 974 1384; x_wconf 87' lang='lat' dir='ltr'>notis</span> <span class='ocrx_word' id='word_1_137' title='bbox 995 1317 1047 1384; x_wconf 82' lang='lat' dir='ltr'>vel</span> <span class='ocrx_word' id='word_1_138' title='bbox 1069 1317 1173 1384; x_wconf 77' lang='lat' dir='ltr'>fontes</span> <span class='ocrx_word' id='word_1_139' title='bbox 1194 1315 1338 1384; x_wconf 85' lang='lat' dir='ltr'>laudatos</span> <span class='ocrx_word' id='word_1_140' title='bbox 1358 1317 1411 1382; x_wconf 80' lang='lat' dir='ltr'>vel</span> <span class='ocrx_word' id='word_1_141' title='bbox 1439 1340 1553 1386; x_wconf 82' lang='lat' dir='ltr'>vocum</span> <span class='ocrx_word' id='word_1_142' title='bbox 1580 1318 1825 1410; x_wconf 83' lang='lat' dir='ltr'>explicationem</span> <span class='ocrx_word' id='word_1_143' title='bbox 1852 1319 1904 1386; x_wconf 83' lang='lat' dir='ltr'>rel</span> <span class='ocrx_word' id='word_1_144' title='bbox 1932 1297 2110 1388; x_wconf 73' lang='lat' dir='ltr'>arberioruri</span> <span class='ocrx_word' id='word_1_145' title='bbox 2136 1322 2178 1386; x_wconf 82' lang='lat' dir='ltr'>als</span> <span class='ocrx_word' id='word_1_146' title='bbox 2205 1319 2381 1412; x_wconf 77' lang='lat' dir='ltr'>quibusdam</span> 
     </span>
     <span class='ocr_line' id='line_1_10' title="bbox 181 1435 1454 1531; baseline -0.009 -20"><span class='ocrx_word' id='word_1_147' title='bbox 181 1445 276 1511; x_wconf 85' lang='lat' dir='ltr'>rebus</span> <span class='ocrx_word' id='word_1_148' title='bbox 298 1441 550 1531; x_wconf 87' lang='lat' dir='ltr'>disputationem.</span> <span class='ocrx_word' id='word_1_149' title='bbox 598 1435 666 1504; x_wconf 90' lang='lat' dir='ltr'>Sed</span> <span class='ocrx_word' id='word_1_150' title='bbox 686 1439 726 1506; x_wconf 88' lang='lat' dir='ltr'>dc</span> <span class='ocrx_word' id='word_1_151' title='bbox 746 1439 849 1504; x_wconf 80' lang='lat' dir='ltr'>torma</span> <span class='ocrx_word' id='word_1_152' title='bbox 869 1437 962 1522; x_wconf 89' lang='lat' dir='ltr'>hujus</span> <span class='ocrx_word' id='word_1_153' title='bbox 983 1435 1057 1502; x_wconf 90' lang='lat' dir='ltr'>libri</span> <span class='ocrx_word' id='word_1_154' title='bbox 1078 1437 1154 1502; x_wconf 82' lang='lat' dir='ltr'>satis</span> <span class='ocrx_word' id='word_1_155' title='bbox 1170 1435 1376 1522; x_wconf 82' lang='lat' dir='ltr'>jamdictum</span> <span class='ocrx_word' id='word_1_156' title='bbox 1397 1445 1454 1502; x_wconf 87' lang='lat' dir='ltr'>est.</span> 
     </span>
    </p>

    <p class='ocr_par' dir='ltr' id='par_1_3' title="bbox 182 1553 2470 2598">
     <span class='ocr_line' id='line_1_11' title="bbox 309 1553 2384 1650; baseline -0.001 -24"><span class='ocrx_word' id='word_1_157' title='bbox 309 1561 350 1626; x_wconf 88' lang='lat' dir='ltr'>ln</span> <span class='ocrx_word' id='word_1_158' title='bbox 372 1559 502 1626; x_wconf 85' lang='lat' dir='ltr'>historia</span> <span class='ocrx_word' id='word_1_159' title='bbox 522 1557 699 1624; x_wconf 87' lang='lat' dir='ltr'>enarranda</span> <span class='ocrx_word' id='word_1_160' title='bbox 719 1554 798 1646; x_wconf 87' lang='lat' dir='ltr'>ipsis</span> <span class='ocrx_word' id='word_1_161' title='bbox 820 1553 960 1620; x_wconf 81' lang='lat' dir='ltr'>lontibus</span> <span class='ocrx_word' id='word_1_162' title='bbox 981 1577 1056 1620; x_wconf 88' lang='lat' dir='ltr'>usus</span> <span class='ocrx_word' id='word_1_163' title='bbox 1077 1577 1165 1637; x_wconf 90' lang='lat' dir='ltr'>snm,</span> <span class='ocrx_word' id='word_1_164' title='bbox 1201 1555 1286 1642; x_wconf 80' lang='lat' dir='ltr'>qvod</span> <span class='ocrx_word' id='word_1_165' title='bbox 1308 1577 1420 1640; x_wconf 87' lang='lat' dir='ltr'>nemo,</span> <span class='ocrx_word' id='word_1_166' title='bbox 1440 1577 1560 1650; x_wconf 83' lang='lat' dir='ltr'>spero,</span> <span class='ocrx_word' id='word_1_167' title='bbox 1592 1577 1677 1644; x_wconf 70' lang='lat' dir='ltr'>egre</span> <span class='ocrx_word' id='word_1_168' title='bbox 1696 1556 1786 1622; x_wconf 78' lang='lat' dir='ltr'>terat.</span> <span class='ocrx_word' id='word_1_169' title='bbox 1839 1555 1929 1624; x_wconf 86' lang='lat' dir='ltr'>ldem</span> <span class='ocrx_word' id='word_1_170' title='bbox 1950 1581 2027 1624; x_wconf 83' lang='lat' dir='ltr'>vero</span> <span class='ocrx_word' id='word_1_171' title='bbox 2048 1558 2118 1648; x_wconf 88' lang='lat' dir='ltr'>ipsa</span> <span class='ocrx_word' id='word_1_172' title='bbox 2139 1559 2274 1624; x_wconf 69' lang='lat' dir='ltr'>lulium</span> <span class='ocrx_word' id='word_1_173' title='bbox 2295 1557 2384 1623; x_wconf 85' lang='lat' dir='ltr'>rerba</span> 
     </span>
     <span class='ocr_line' id='line_1_12' title="bbox 182 1669 2385 1773; baseline -0.003 -27"><span class='ocrx_word' id='word_1_174' title='bbox 182 1680 354 1770; x_wconf 80' lang='lat' dir='ltr'>saepissime</span> <span class='ocrx_word' id='word_1_175' title='bbox 381 1677 488 1762; x_wconf 87' lang='lat' dir='ltr'>attuli,</span> <span class='ocrx_word' id='word_1_176' title='bbox 509 1679 596 1768; x_wconf 78' lang='lat' dir='ltr'>qvod</span> <span class='ocrx_word' id='word_1_177' title='bbox 624 1677 758 1744; x_wconf 80' lang='lat' dir='ltr'>forsitan</span> <span class='ocrx_word' id='word_1_178' title='bbox 780 1674 875 1740; x_wconf 85' lang='lat' dir='ltr'>alicui</span> <span class='ocrx_word' id='word_1_179' title='bbox 894 1674 997 1742; x_wconf 74' lang='lat' dir='ltr'>miuus</span> <span class='ocrx_word' id='word_1_180' title='bbox 1019 1673 1153 1764; x_wconf 86' lang='lat' dir='ltr'>placcat.</span> <span class='ocrx_word' id='word_1_181' title='bbox 1205 1669 1273 1738; x_wconf 85' lang='lat' dir='ltr'>Sed</span> <span class='ocrx_word' id='word_1_182' title='bbox 1293 1673 1394 1740; x_wconf 90' lang='lat' dir='ltr'>tribus</span> <span class='ocrx_word' id='word_1_183' title='bbox 1414 1673 1588 1740; x_wconf 87' lang='lat' dir='ltr'>rationibus</span> <span class='ocrx_word' id='word_1_184' title='bbox 1610 1687 1785 1742; x_wconf 89' lang='lat' dir='ltr'>commotus</span> <span class='ocrx_word' id='word_1_185' title='bbox 1806 1676 1867 1773; x_wconf 83' lang='lat' dir='ltr'>hoc</span> <span class='ocrx_word' id='word_1_186' title='bbox 1888 1676 1957 1742; x_wconf 78' lang='lat' dir='ltr'>lieri</span> <span class='ocrx_word' id='word_1_187' title='bbox 1978 1675 2093 1742; x_wconf 73' lang='lat' dir='ltr'>debere</span> <span class='ocrx_word' id='word_1_188' title='bbox 2114 1677 2232 1766; x_wconf 82' lang='lat' dir='ltr'>putavi.</span> <span class='ocrx_word' id='word_1_189' title='bbox 2284 1675 2385 1762; x_wconf 75' lang='lat' dir='ltr'>Qvan-</span> 
     </span>
     <span class='ocr_line' id='line_1_13' title="bbox 184 1791 2386 1890; baseline -0.002 -26"><span class='ocrx_word' id='word_1_190' title='bbox 184 1821 279 1890; x_wconf 77' lang='lat' dir='ltr'>quam</span> <span class='ocrx_word' id='word_1_191' title='bbox 300 1797 384 1864; x_wconf 91' lang='lat' dir='ltr'>enim</span> <span class='ocrx_word' id='word_1_192' title='bbox 403 1819 506 1864; x_wconf 89' lang='lat' dir='ltr'>sermo</span> <span class='ocrx_word' id='word_1_193' title='bbox 527 1797 640 1862; x_wconf 83' lang='lat' dir='ltr'>boram</span> <span class='ocrx_word' id='word_1_194' title='bbox 661 1794 797 1860; x_wconf 77' lang='lat' dir='ltr'>lentium</span> <span class='ocrx_word' id='word_1_195' title='bbox 817 1792 893 1859; x_wconf 88' lang='lat' dir='ltr'>satis</span> <span class='ocrx_word' id='word_1_196' title='bbox 915 1791 1047 1856; x_wconf 86' lang='lat' dir='ltr'>barbare</span> <span class='ocrx_word' id='word_1_197' title='bbox 1067 1801 1170 1874; x_wconf 89' lang='lat' dir='ltr'>sonat,</span> <span class='ocrx_word' id='word_1_198' title='bbox 1191 1792 1252 1856; x_wconf 93' lang='lat' dir='ltr'>hoe</span> <span class='ocrx_word' id='word_1_199' title='bbox 1274 1791 1378 1880; x_wconf 87' lang='lat' dir='ltr'>ipsum</span> <span class='ocrx_word' id='word_1_200' title='bbox 1398 1802 1502 1858; x_wconf 87' lang='lat' dir='ltr'>tamen</span> <span class='ocrx_word' id='word_1_201' title='bbox 1523 1793 1573 1875; x_wconf 90' lang='lat' dir='ltr'>iis,</span> <span class='ocrx_word' id='word_1_202' title='bbox 1595 1793 1650 1884; x_wconf 84' lang='lat' dir='ltr'>qvi</span> <span class='ocrx_word' id='word_1_203' title='bbox 1670 1794 1704 1860; x_wconf 92' lang='lat' dir='ltr'>in</span> <span class='ocrx_word' id='word_1_204' title='bbox 1725 1794 1788 1858; x_wconf 88' lang='lat' dir='ltr'>illis</span> <span class='ocrx_word' id='word_1_205' title='bbox 1809 1793 1891 1860; x_wconf 87' lang='lat' dir='ltr'>bene</span> <span class='ocrx_word' id='word_1_206' title='bbox 1910 1795 2027 1860; x_wconf 79' lang='lat' dir='ltr'>versah&#39;</span> <span class='ocrx_word' id='word_1_207' title='bbox 2047 1804 2132 1876; x_wconf 89' lang='lat' dir='ltr'>sunt,</span> <span class='ocrx_word' id='word_1_208' title='bbox 2154 1793 2316 1860; x_wconf 79' lang='lat' dir='ltr'>suavitatis</span> <span class='ocrx_word' id='word_1_209' title='bbox 2336 1793 2386 1858; x_wconf 88' lang='lat' dir='ltr'>ali·</span> 
     </span>
     <span class='ocr_line' id='line_1_14' title="bbox 184 1909 2464 2040; baseline -0.001 -60"><span class='ocrx_word' id='word_1_210' title='bbox 184 1917 260 2008; x_wconf 78' lang='lat' dir='ltr'>qvid</span> <span class='ocrx_word' id='word_1_211' title='bbox 281 1915 392 1997; x_wconf 87' lang='lat' dir='ltr'>hahet,</span> <span class='ocrx_word' id='word_1_212' title='bbox 425 1914 546 2005; x_wconf 71' lang='lat' dir='ltr'>qnippe</span> <span class='ocrx_word' id='word_1_213' title='bbox 567 1913 655 2003; x_wconf 80' lang='lat' dir='ltr'>qvod</span> <span class='ocrx_word' id='word_1_214' title='bbox 673 1912 867 2000; x_wconf 74' lang='lat' dir='ltr'>singularem</span> <span class='ocrx_word' id='word_1_215' title='bbox 887 1911 944 1978; x_wconf 77' lang='lat' dir='ltr'>avi</span> <span class='ocrx_word' id='word_1_216' title='bbox 967 1910 1051 1976; x_wconf 91' lang='lat' dir='ltr'>illius</span> <span class='ocrx_word' id='word_1_217' title='bbox 1072 1909 1210 1977; x_wconf 88' lang='lat' dir='ltr'>indolem</span> <span class='ocrx_word' id='word_1_218' title='bbox 1232 1909 1420 2000; x_wconf 76' lang='lat' dir='ltr'>plerumque</span> <span class='ocrx_word' id='word_1_219' title='bbox 1439 1911 1566 1976; x_wconf 76' lang='lat' dir='ltr'>referat.</span> <span class='ocrx_word' id='word_1_220' title='bbox 1614 1910 1741 1978; x_wconf 76' lang='lat' dir='ltr'>lldude</span> <span class='ocrx_word' id='word_1_221' title='bbox 1760 1915 1810 1978; x_wconf 86' lang='lat' dir='ltr'>sui</span> <span class='ocrx_word' id='word_1_222' title='bbox 1830 1913 1945 2004; x_wconf 80' lang='lat' dir='ltr'>cuiqve</span> <span class='ocrx_word' id='word_1_223' title='bbox 1964 1911 2140 2002; x_wconf 71' lang='lat' dir='ltr'>disciplina</span> <span class='ocrx_word' id='word_1_224' title='bbox 2160 1913 2287 1980; x_wconf 80' lang='lat' dir='ltr'>terra&#39;ni</span> <span class='ocrx_word' id='word_1_225' title='bbox 2308 1923 2386 1995; x_wconf 87' lang='lat' dir='ltr'>sunt,</span> <span class='ocrx_word' id='word_1_226' title='bbox 2463 1982 2464 2040; x_wconf 59' lang='lat'>,</span> 
     </span>
     <span class='ocr_line' id='line_1_15' title="bbox 183 2027 2465 2123; baseline -0.001 -22"><span class='ocrx_word' id='word_1_227' title='bbox 183 2058 241 2102; x_wconf 90' lang='lat' dir='ltr'>sua</span> <span class='ocrx_word' id='word_1_228' title='bbox 260 2034 375 2123; x_wconf 77' lang='lat' dir='ltr'>cuique</span> <span class='ocrx_word' id='word_1_229' title='bbox 393 2033 476 2098; x_wconf 75' lang='lat' dir='ltr'>etati</span> <span class='ocrx_word' id='word_1_230' title='bbox 497 2031 594 2097; x_wconf 85' lang='lat' dir='ltr'>verba</span> <span class='ocrx_word' id='word_1_231' title='bbox 614 2042 647 2098; x_wconf 86' lang='lat' dir='ltr'>et</span> <span class='ocrx_word' id='word_1_232' title='bbox 666 2031 815 2120; x_wconf 79' lang='lat' dir='ltr'>phrases,</span> <span class='ocrx_word' id='word_1_233' title='bbox 837 2051 972 2119; x_wconf 71' lang='lat' dir='ltr'>qaorum</span> <span class='ocrx_word' id='word_1_234' title='bbox 992 2028 1026 2094; x_wconf 90' lang='lat' dir='ltr'>iu</span> <span class='ocrx_word' id='word_1_235' title='bbox 1047 2027 1153 2094; x_wconf 87' lang='lat' dir='ltr'>locum</span> <span class='ocrx_word' id='word_1_236' title='bbox 1174 2027 1202 2094; x_wconf 88' lang='lat' dir='ltr'>si</span> <span class='ocrx_word' id='word_1_237' title='bbox 1222 2027 1361 2094; x_wconf 84' lang='lat' dir='ltr'>melioris</span> <span class='ocrx_word' id='word_1_238' title='bbox 1382 2039 1465 2095; x_wconf 88' lang='lat' dir='ltr'>notae</span> <span class='ocrx_word' id='word_1_239' title='bbox 1485 2028 1583 2094; x_wconf 83' lang='lat' dir='ltr'>verba</span> <span class='ocrx_word' id='word_1_240' title='bbox 1603 2029 1818 2115; x_wconf 74' lang='lat' dir='ltr'>substituetis,</span> <span class='ocrx_word' id='word_1_241' title='bbox 1840 2031 2015 2122; x_wconf 69' lang='lat' dir='ltr'>pericnlum</span> <span class='ocrx_word' id='word_1_242' title='bbox 2036 2041 2101 2116; x_wconf 89' lang='lat' dir='ltr'>est,</span> <span class='ocrx_word' id='word_1_243' title='bbox 2126 2055 2169 2097; x_wconf 91' lang='lat' dir='ltr'>ne</span> <span class='ocrx_word' id='word_1_244' title='bbox 2195 2030 2277 2098; x_wconf 86' lang='lat' dir='ltr'>bene</span> <span class='ocrx_word' id='word_1_245' title='bbox 2298 2031 2389 2096; x_wconf 88' lang='lat' dir='ltr'>latine</span> <span class='ocrx_word' id='word_1_246' title='bbox 2464 2060 2465 2098; x_wconf 78' lang='lat' dir='ltr'>l</span> 
     </span>
     <span class='ocr_line' id='line_1_16' title="bbox 184 2136 2466 2243; baseline -0.003 -23"><span class='ocrx_word' id='word_1_247' title='bbox 184 2153 311 2243; x_wconf 72' lang='lat' dir='ltr'>quidem</span> <span class='ocrx_word' id='word_1_248' title='bbox 330 2151 389 2218; x_wconf 90' lang='lat' dir='ltr'>sed</span> <span class='ocrx_word' id='word_1_249' title='bbox 409 2175 521 2241; x_wconf 84' lang='lat' dir='ltr'>parum</span> <span class='ocrx_word' id='word_1_250' title='bbox 542 2160 686 2216; x_wconf 80' lang='lat' dir='ltr'>accurate</span> <span class='ocrx_word' id='word_1_251' title='bbox 708 2147 834 2216; x_wconf 83' lang='lat' dir='ltr'>dixeris.</span> <span class='ocrx_word' id='word_1_252' title='bbox 886 2146 1036 2238; x_wconf 77' lang='lat' dir='ltr'>Denique</span> <span class='ocrx_word' id='word_1_253' title='bbox 1061 2145 1271 2236; x_wconf 87' lang='lat' dir='ltr'>plurimorum</span> <span class='ocrx_word' id='word_1_254' title='bbox 1296 2147 1433 2214; x_wconf 81' lang='lat' dir='ltr'>lentium</span> <span class='ocrx_word' id='word_1_255' title='bbox 1459 2146 1557 2213; x_wconf 83' lang='lat' dir='ltr'>verba</span> <span class='ocrx_word' id='word_1_256' title='bbox 1585 2147 1767 2214; x_wconf 85' lang='lat' dir='ltr'>obscuriora</span> <span class='ocrx_word' id='word_1_257' title='bbox 1788 2159 1871 2214; x_wconf 87' lang='lat' dir='ltr'>sunt.</span> <span class='ocrx_word' id='word_1_258' title='bbox 1923 2149 2028 2237; x_wconf 73' lang='lat' dir='ltr'>Igitur</span> <span class='ocrx_word' id='word_1_259' title='bbox 2046 2150 2209 2220; x_wconf 71' lang='lat' dir='ltr'>modestice</span> <span class='ocrx_word' id='word_1_260' title='bbox 2229 2147 2388 2239; x_wconf 84' lang='lat' dir='ltr'>scriptoris</span> <span class='ocrx_word' id='word_1_261' title='bbox 2465 2136 2466 2168; x_wconf 60' lang='lat'>¹</span> 
     </span>
     <span class='ocr_line' id='line_1_17' title="bbox 183 2265 2468 2359; baseline -0.002 -23"><span class='ocrx_word' id='word_1_262' title='bbox 183 2284 249 2356; x_wconf 87' lang='lat' dir='ltr'>est,</span> <span class='ocrx_word' id='word_1_263' title='bbox 276 2295 343 2338; x_wconf 91' lang='lat' dir='ltr'>non</span> <span class='ocrx_word' id='word_1_264' title='bbox 363 2291 452 2338; x_wconf 88' lang='lat' dir='ltr'>snam</span> <span class='ocrx_word' id='word_1_265' title='bbox 471 2269 722 2359; x_wconf 73' lang='lat' dir='ltr'>qualemcunque</span> <span class='ocrx_word' id='word_1_266' title='bbox 743 2265 871 2339; x_wconf 82' lang='lat' dir='ltr'>illorum</span> <span class='ocrx_word' id='word_1_267' title='bbox 892 2265 1151 2354; x_wconf 80' lang='lat' dir='ltr'>explicationem,</span> <span class='ocrx_word' id='word_1_268' title='bbox 1179 2273 1329 2354; x_wconf 75' lang='lat' dir='ltr'>tauquam</span> <span class='ocrx_word' id='word_1_269' title='bbox 1349 2265 1389 2332; x_wconf 86' lang='lat' dir='ltr'>de</span> <span class='ocrx_word' id='word_1_270' title='bbox 1409 2265 1536 2356; x_wconf 87' lang='lat' dir='ltr'>tripode</span> <span class='ocrx_word' id='word_1_271' title='bbox 1556 2265 1689 2350; x_wconf 74' lang='lat' dir='ltr'>dictatu,</span> <span class='ocrx_word' id='word_1_272' title='bbox 1710 2267 1744 2332; x_wconf 86' lang='lat' dir='ltr'>iu</span> <span class='ocrx_word' id='word_1_273' title='bbox 1764 2265 1901 2334; x_wconf 70' lang='lat' dir='ltr'>medium</span> <span class='ocrx_word' id='word_1_274' title='bbox 1921 2269 2084 2358; x_wconf 72' lang='lat' dir='ltr'>prolerre,</span> <span class='ocrx_word' id='word_1_275' title='bbox 2114 2269 2305 2359; x_wconf 86' lang='lat' dir='ltr'>sed&#39;potlus</span> <span class='ocrx_word' id='word_1_276' title='bbox 2326 2269 2389 2358; x_wconf 90' lang='lat' dir='ltr'>ipsa</span> <span class='ocrx_word' id='word_1_277' title='bbox 2467 2290 2468 2310; x_wconf 44' lang='grc' dir='ltr'><strong>ι</strong></span> 
     </span>
     <span class='ocr_line' id='line_1_18' title="bbox 183 2379 2392 2476; baseline -0.003 -17"><span class='ocrx_word' id='word_1_278' title='bbox 183 2391 327 2462; x_wconf 74' lang='lat' dir='ltr'>fontium,</span> <span class='ocrx_word' id='word_1_279' title='bbox 340 2387 455 2470; x_wconf 81' lang='lat' dir='ltr'>verba,</span> <span class='ocrx_word' id='word_1_280' title='bbox 482 2386 648 2475; x_wconf 86' lang='lat' dir='ltr'>subjuncta</span> <span class='ocrx_word' id='word_1_281' title='bbox 668 2383 944 2476; x_wconf 84' lang='lat' dir='ltr'>interpretatione,</span> <span class='ocrx_word' id='word_1_282' title='bbox 965 2383 1103 2450; x_wconf 83' lang='lat' dir='ltr'>laudare.</span> <span class='ocrx_word' id='word_1_283' title='bbox 1145 2379 1196 2450; x_wconf 78' lang='lat' dir='ltr'>Ne</span> <span class='ocrx_word' id='word_1_284' title='bbox 1216 2383 1336 2466; x_wconf 87' lang='lat' dir='ltr'>dicam,</span> <span class='ocrx_word' id='word_1_285' title='bbox 1358 2383 1495 2470; x_wconf 81' lang='lat' dir='ltr'>tirones,</span> <span class='ocrx_word' id='word_1_286' title='bbox 1516 2385 1577 2452; x_wconf 86' lang='lat' dir='ltr'>huc</span> <span class='ocrx_word' id='word_1_287' title='bbox 1596 2384 1681 2452; x_wconf 90' lang='lat' dir='ltr'>libro</span> <span class='ocrx_word' id='word_1_288' title='bbox 1702 2385 1862 2475; x_wconf 86' lang='lat' dir='ltr'>perlecto,</span> <span class='ocrx_word' id='word_1_289' title='bbox 1883 2385 1998 2470; x_wconf 80' lang='lat' dir='ltr'>verba,</span> <span class='ocrx_word' id='word_1_290' title='bbox 2018 2388 2150 2476; x_wconf 88' lang='lat' dir='ltr'>phrases</span> <span class='ocrx_word' id='word_1_291' title='bbox 2172 2385 2392 2476; x_wconf 71' lang='lat' dir='ltr'>scribendique</span> 
     </span>
     <span class='ocr_line' id='line_1_19' title="bbox 185 2501 2213 2598; baseline -0.001 -24"><span class='ocrx_word' id='word_1_292' title='bbox 185 2531 286 2598; x_wconf 67' lang='lat' dir='ltr'>genus</span> <span class='ocrx_word' id='word_1_293' title='bbox 307 2507 403 2574; x_wconf 85' lang='lat' dir='ltr'>medii</span> <span class='ocrx_word' id='word_1_294' title='bbox 422 2505 480 2572; x_wconf 83' lang='lat' dir='ltr'>reri</span> <span class='ocrx_word' id='word_1_295' title='bbox 500 2505 691 2595; x_wconf 82' lang='lat' dir='ltr'>scriptoram</span> <span class='ocrx_word' id='word_1_296' title='bbox 711 2504 756 2570; x_wconf 85' lang='lat' dir='ltr'>ita</span> <span class='ocrx_word' id='word_1_297' title='bbox 776 2504 959 2590; x_wconf 75' lang='lat' dir='ltr'>cognituros</span> <span class='ocrx_word' id='word_1_298' title='bbox 981 2527 1062 2584; x_wconf 86' lang='lat' dir='ltr'>esse,</span> <span class='ocrx_word' id='word_1_299' title='bbox 1082 2511 1118 2566; x_wconf 93' lang='lat' dir='ltr'>ut</span> <span class='ocrx_word' id='word_1_300' title='bbox 1140 2501 1180 2568; x_wconf 86' lang='lat' dir='ltr'>ad</span> <span class='ocrx_word' id='word_1_301' title='bbox 1201 2501 1306 2568; x_wconf 88' lang='lat' dir='ltr'>lontes</span> <span class='ocrx_word' id='word_1_302' title='bbox 1327 2502 1484 2588; x_wconf 84' lang='lat' dir='ltr'>ejusmodi</span> <span class='ocrx_word' id='word_1_303' title='bbox 1503 2503 1690 2572; x_wconf 87' lang='lat' dir='ltr'>scrutandos</span> <span class='ocrx_word' id='word_1_304' title='bbox 1710 2504 1885 2594; x_wconf 80' lang='lat' dir='ltr'>paratiores</span> <span class='ocrx_word' id='word_1_305' title='bbox 1906 2505 2057 2572; x_wconf 72' lang='lat' dir='ltr'>accedm</span> <span class='ocrx_word' id='word_1_306' title='bbox 2076 2505 2213 2595; x_wconf 76' lang='lat' dir='ltr'>pcss&#39;nt.</span> 
     </span>
    </p>

    <p class='ocr_par' dir='ltr' id='par_1_4' title="bbox 182 2593 2398 3189">
     <span class='ocr_line' id='line_1_20' title="bbox 234 2593 2395 2715; baseline -0.001 -25"><span class='ocrx_word' id='word_1_307' title='bbox 234 2685 237 2690; x_wconf 83' lang='lat'><em>.</em></span> <span class='ocrx_word' id='word_1_308' title='bbox 311 2623 485 2714; x_wconf 60' lang='lat' dir='ltr'>nuptm</span> <span class='ocrx_word' id='word_1_309' title='bbox 505 2633 571 2707; x_wconf 61' lang='lat' dir='ltr'>aa,</span> <span class='ocrx_word' id='word_1_310' title='bbox 605 2633 642 2688; x_wconf 75' lang='lat' dir='ltr'>n</span> <span class='ocrx_word' id='word_1_311' title='bbox 661 2622 779 2705; x_wconf 68' lang='lat' dir='ltr'>arom,</span> <span class='ocrx_word' id='word_1_312' title='bbox 816 2645 887 2712; x_wconf 59' lang='lat' dir='ltr'>qv„</span> <span class='ocrx_word' id='word_1_313' title='bbox 905 2621 979 2688; x_wconf 66' lang='lat' dir='ltr'>sure</span> <span class='ocrx_word' id='word_1_314' title='bbox 999 2621 1083 2688; x_wconf 69' lang='lat' dir='ltr'>nan</span> <span class='ocrx_word' id='word_1_315' title='bbox 1104 2643 1176 2688; x_wconf 66' lang='lat' dir='ltr'>m</span> <span class='ocrx_word' id='word_1_316' title='bbox 1196 2620 1297 2711; x_wconf 69' lang='lat' dir='ltr'>paon</span> <span class='ocrx_word' id='word_1_317' title='bbox 1317 2621 1386 2708; x_wconf 64' lang='lat' dir='ltr'>eju</span> <span class='ocrx_word' id='word_1_318' title='bbox 1406 2631 1498 2711; x_wconf 69' lang='lat' dir='ltr'>pua</span> <span class='ocrx_word' id='word_1_319' title='bbox 1517 2621 1691 2690; x_wconf 61' lang='lat' dir='ltr'>urenae</span> <span class='ocrx_word' id='word_1_320' title='bbox 1710 2623 1900 2706; x_wconf 63' lang='lat' dir='ltr'>amomo,</span> <span class='ocrx_word' id='word_1_321' title='bbox 1932 2645 2003 2715; x_wconf 62' lang='lat' dir='ltr'>qm</span> <span class='ocrx_word' id='word_1_322' title='bbox 2024 2623 2200 2690; x_wconf 57' lang='lat' dir='ltr'>maros.</span> <span class='ocrx_word' id='word_1_323' title='bbox 2254 2593 2395 2714; x_wconf 55' lang='lat' dir='ltr'>unqu}</span> 
     </span>
     <span class='ocr_line' id='line_1_21' title="bbox 186 2739 2396 2834; baseline -0.003 -20"><span class='ocrx_word' id='word_1_324' title='bbox 186 2740 800 2832; x_wconf 76' lang='lat' dir='ltr'>candem—tabellaricoprapmaticam</span> <span class='ocrx_word' id='word_1_325' title='bbox 811 2739 1045 2832; x_wconf 70' lang='lat' dir='ltr'>sspnopticam</span> <span class='ocrx_word' id='word_1_326' title='bbox 1057 2775 1096 2792; x_wconf 88' lang='lat'>·-</span> <span class='ocrx_word' id='word_1_327' title='bbox 1108 2739 1269 2806; x_wconf 86' lang='lat' dir='ltr'>historiam</span> <span class='ocrx_word' id='word_1_328' title='bbox 1286 2739 1433 2807; x_wconf 84' lang='lat' dir='ltr'>tradendi</span> <span class='ocrx_word' id='word_1_329' title='bbox 1447 2741 1628 2808; x_wconf 83' lang='lat' dir='ltr'>methodum</span> <span class='ocrx_word' id='word_1_330' title='bbox 1644 2751 1770 2808; x_wconf 80' lang='grc' dir='ltr'><strong>ιιιιιιιι</strong></span> <span class='ocrx_word' id='word_1_331' title='bbox 1788 2751 1846 2808; x_wconf 88' lang='lat' dir='ltr'>eat.</span> <span class='ocrx_word' id='word_1_332' title='bbox 1876 2739 1917 2808; x_wconf 90' lang='lat' dir='ltr'>lu</span> <span class='ocrx_word' id='word_1_333' title='bbox 1934 2741 2125 2826; x_wconf 77' lang='lat' dir='ltr'>illoautem,</span> <span class='ocrx_word' id='word_1_334' title='bbox 2143 2744 2234 2833; x_wconf 82' lang='lat' dir='ltr'>qvod</span> <span class='ocrx_word' id='word_1_335' title='bbox 2244 2767 2304 2812; x_wconf 80' lang='lat' dir='ltr'>sex</span> <span class='ocrx_word' id='word_1_336' title='bbox 2314 2743 2396 2834; x_wconf 83' lang='lat' dir='ltr'>prio-</span> 
     </span>
     <span class='ocr_line' id='line_1_22' title="bbox 187 2841 2396 2950; baseline -0.003 -19"><span class='ocrx_word' id='word_1_337' title='bbox 187 2887 257 2931; x_wconf 88' lang='lat' dir='ltr'>rum</span> <span class='ocrx_word' id='word_1_338' title='bbox 276 2861 456 2930; x_wconf 86' lang='lat' dir='ltr'>seculorum</span> <span class='ocrx_word' id='word_1_339' title='bbox 476 2861 606 2928; x_wconf 89' lang='lat' dir='ltr'>historia</span> <span class='ocrx_word' id='word_1_340' title='bbox 627 2859 782 2948; x_wconf 76' lang='lat' dir='ltr'>plurimos</span> <span class='ocrx_word' id='word_1_341' title='bbox 803 2859 1003 2949; x_wconf 72' lang='lat' dir='ltr'>eosdemque</span> <span class='ocrx_word' id='word_1_342' title='bbox 1015 2857 1212 2926; x_wconf 86' lang='lat' dir='ltr'>doctissimus</span> <span class='ocrx_word' id='word_1_343' title='bbox 1232 2866 1324 2923; x_wconf 86' lang='lat' dir='ltr'>nacta</span> <span class='ocrx_word' id='word_1_344' title='bbox 1345 2867 1394 2926; x_wconf 88' lang='lat' dir='ltr'>est</span> <span class='ocrx_word' id='word_1_345' title='bbox 1413 2858 1601 2950; x_wconf 86' lang='lat' dir='ltr'>scriptores,</span> <span class='ocrx_word' id='word_1_346' title='bbox 1634 2857 1764 2926; x_wconf 80' lang='lat' dir='ltr'>brevest</span> <span class='ocrx_word' id='word_1_347' title='bbox 1791 2869 1929 2941; x_wconf 80' lang='lat' dir='ltr'>numm,</span> <span class='ocrx_word' id='word_1_348' title='bbox 1961 2861 2097 2928; x_wconf 77' lang='lat' dir='ltr'>tortasse</span> <span class='ocrx_word' id='word_1_349' title='bbox 2122 2860 2156 2928; x_wconf 93' lang='lat' dir='ltr'>iu</span> <span class='ocrx_word' id='word_1_350' title='bbox 2185 2841 2299 2928; x_wconf 81' lang='lat' dir='ltr'>multis</span> <span class='ocrx_word' id='word_1_351' title='bbox 2319 2859 2396 2926; x_wconf 80' lang='lat' dir='ltr'>lo‘cia</span> 
     </span>
     <span class='ocr_line' id='line_1_23' title="bbox 182 2975 2398 3070; baseline -0.002 -22"><span class='ocrx_word' id='word_1_352' title='bbox 182 2985 272 3070; x_wconf 73' lang='lat' dir='ltr'>justo</span> <span class='ocrx_word' id='word_1_353' title='bbox 293 2979 488 3064; x_wconf 78' lang='lat' dir='ltr'>breviorem,</span> <span class='ocrx_word' id='word_1_354' title='bbox 510 3002 662 3046; x_wconf 83' lang='lat' dir='ltr'>surumam</span> <span class='ocrx_word' id='word_1_355' title='bbox 683 2985 810 3060; x_wconf 75' lang='lat' dir='ltr'>eomer,</span> <span class='ocrx_word' id='word_1_356' title='bbox 832 3001 901 3068; x_wconf 79' lang='lat' dir='ltr'>qve</span> <span class='ocrx_word' id='word_1_357' title='bbox 923 2977 976 3044; x_wconf 68' lang='lat' dir='ltr'>ati</span> <span class='ocrx_word' id='word_1_358' title='bbox 997 2977 1089 3044; x_wconf 91' lang='lat' dir='ltr'>docte</span> <span class='ocrx_word' id='word_1_359' title='bbox 1110 2987 1141 3044; x_wconf 88' lang='lat' dir='ltr'>et</span> <span class='ocrx_word' id='word_1_360' title='bbox 1162 2975 1291 3066; x_wconf 88' lang='lat' dir='ltr'>copiose</span> <span class='ocrx_word' id='word_1_361' title='bbox 1313 2977 1566 3068; x_wconf 80' lang='lat' dir='ltr'>disputaverunt,</span> <span class='ocrx_word' id='word_1_362' title='bbox 1594 2977 1706 3044; x_wconf 90' lang='lat' dir='ltr'>litteris</span> <span class='ocrx_word' id='word_1_363' title='bbox 1727 2977 1884 3044; x_wconf 75' lang='lat' dir='ltr'>mndavt</span> <span class='ocrx_word' id='word_1_364' title='bbox 1925 2975 1966 3044; x_wconf 90' lang='lat' dir='ltr'>lu</span> <span class='ocrx_word' id='word_1_365' title='bbox 1986 2980 2048 3046; x_wconf 84' lang='lat' dir='ltr'>boc</span> <span class='ocrx_word' id='word_1_366' title='bbox 2067 3001 2144 3046; x_wconf 77' lang='lat' dir='ltr'>vero</span> <span class='ocrx_word' id='word_1_367' title='bbox 2166 2977 2273 3069; x_wconf 67' lang='lat' dir='ltr'>louge</span> <span class='ocrx_word' id='word_1_368' title='bbox 2293 2979 2398 3069; x_wconf 84' lang='lat' dir='ltr'>copio-</span> 
     </span>
     <span class='ocr_line' id='line_1_24' title="bbox 186 3094 1973 3189; baseline -0.006 -19"><span class='ocrx_word' id='word_1_369' title='bbox 186 3103 252 3170; x_wconf 80' lang='lat' dir='ltr'>sior</span> <span class='ocrx_word' id='word_1_370' title='bbox 271 3100 330 3184; x_wconf 86' lang='lat' dir='ltr'>lui,</span> <span class='ocrx_word' id='word_1_371' title='bbox 351 3099 500 3189; x_wconf 84' lang='lat' dir='ltr'>qvoniam</span> <span class='ocrx_word' id='word_1_372' title='bbox 519 3096 615 3164; x_wconf 84' lang='lat' dir='ltr'>medii</span> <span class='ocrx_word' id='word_1_373' title='bbox 634 3096 693 3163; x_wconf 76' lang='lat' dir='ltr'>aeui</span> <span class='ocrx_word' id='word_1_374' title='bbox 713 3097 844 3166; x_wconf 81' lang='lat' dir='ltr'>historia</span> <span class='ocrx_word' id='word_1_375' title='bbox 865 3108 897 3162; x_wconf 90' lang='lat' dir='ltr'>ct</span> <span class='ocrx_word' id='word_1_376' title='bbox 917 3094 1082 3164; x_wconf 85' lang='lat' dir='ltr'>obscurior</span> <span class='ocrx_word' id='word_1_377' title='bbox 1102 3105 1150 3162; x_wconf 88' lang='grc' dir='ltr'>ιιι</span> <span class='ocrx_word' id='word_1_378' title='bbox 1170 3105 1202 3163; x_wconf 86' lang='grc' dir='ltr'>ιι</span> <span class='ocrx_word' id='word_1_379' title='bbox 1223 3095 1406 3187; x_wconf 77' lang='lat' dir='ltr'>pauciorum</span> <span class='ocrx_word' id='word_1_380' title='bbox 1426 3097 1617 3185; x_wconf 77' lang='lat' dir='ltr'>scriptoram</span> <span class='ocrx_word' id='word_1_381' title='bbox 1637 3095 1791 3162; x_wconf 74' lang='lat' dir='ltr'>industria</span> <span class='ocrx_word' id='word_1_382' title='bbox 1811 3095 1973 3163; x_wconf 85' lang='lat' dir='ltr'>illustrata.</span> 
     </span>
    </p>
   </div>
   <div class='ocr_carea' id='block_1_2' title="bbox 338 3451 1225 3528">
    <p class='ocr_par' dir='ltr' id='par_1_5' title="bbox 338 3451 1225 3528">
     <span class='ocr_line' id='line_1_25' title="bbox 338 3451 1225 3528; baseline -0.006 -17"><span class='ocrx_word' id='word_1_383' title='bbox 338 3463 358 3528; x_wconf 88' lang='lat'>·)</span> <span class='ocrx_word' id='word_1_384' title='bbox 393 3455 456 3512; x_wconf 79' lang='lat' dir='ltr'>vid</span> <span class='ocrx_word' id='word_1_385' title='bbox 474 3457 652 3526; x_wconf 65' lang='lat' dir='ltr'>fflccntblltitt</span> <span class='ocrx_word' id='word_1_386' title='bbox 669 3459 707 3524; x_wconf 79' lang='lat' dir='ltr'>tut</span> <span class='ocrx_word' id='word_1_387' title='bbox 724 3459 866 3524; x_wconf 74' lang='lat' dir='ltr'>uncam,</span> <span class='ocrx_word' id='word_1_388' title='bbox 884 3455 951 3512; x_wconf 68' lang='lat' dir='ltr'>blut</span> <span class='ocrx_word' id='word_1_389' title='bbox 967 3452 993 3521; x_wconf 78' lang='lat'>6,</span> <span class='ocrx_word' id='word_1_390' title='bbox 1011 3453 1075 3512; x_wconf 62' lang='lat' dir='ltr'>&amp;ibt</span> <span class='ocrx_word' id='word_1_391' title='bbox 1091 3453 1151 3520; x_wconf 75' lang='lat' dir='ltr'>uel,</span> <span class='ocrx_word' id='word_1_392' title='bbox 1169 3451 1225 3524; x_wconf 67' lang='lat' dir='ltr'>lag.</span> 
     </span>
    </p>
   </div>
   <div class='ocr_carea' id='block_1_3' title="bbox 0 0 2519 6356">
    <p class='ocr_par' dir='ltr' id='par_1_6' title="bbox 0 0 2519 6356">
     <span class='ocr_line' id='line_1_26' title="bbox 0 0 2519 6356; baseline 0 0"><span class='ocrx_word' id='word_1_393' title='bbox 0 0 2519 6356; x_wconf 95' lang='lat' dir='ltr'> </span> 
     </span>
    </p>
   </div>
  </div>
 </body>
</html>
