4986 6384
409 441 711 536 rdtltbelsoulplroe,
736 439 829 508 lilius
851 439 997 533 Egberti
1024 435 1107 530 (vid.
1133 459 1168 528 p.
1189 435 1272 527 79),
1299 435 1413 504 omnia
1436 405 1544 502 lernae
1566 433 1879 528 dogio-Saxonum
1901 457 2009 528 regna
2033 435 2070 504 in
2096 459 2158 506 sue
2183 437 2308 510 ditione
2331 452 2461 540 tenebat,

255 598 304 674 et,
330 585 481 672 exceptis
507 575 759 647 incursionibus
786 559 992 663 qvibnsdam
1017 573 1194 642 lineorum
1216 575 1400 662 piratarum
1420 567 1457 637 ἰ.
1478 567 1553 638 851
1580 579 1616 638 et
1641 568 1810 638 seditione
1831 569 2053 654 Ethelbaldi,
2083 571 2147 642 lilii
2174 583 2255 642 natu
2279 581 2417 669 maximi,
2439 613 2461 654 s.

254 719 328 794 856
354 729 428 803 orta
449 724 484 784 et
508 710 712 803 composita,
740 731 872 778 summe
893 729 980 801 pace
1003 706 1188 774 fruebatur.
1231 702 1351 792 ltaque
1375 703 1525 772 rationes
1548 704 1665 773 civiles
1687 705 1721 773 in
1741 703 1920 774 Britannia
1944 705 2056 774 maula
2076 703 2264 776 admodum
2285 713 2326 780 ab
2347 715 2384 784 iia
2404 717 2462 788 dil·

258 853 422 937 lerebant,
447 871 522 941 qvae
547 843 761 916 inFrancico
788 844 936 934 imperio
959 841 1084 924 omnia,
1112 859 1207 908 sacra
1230 848 1264 906 rt
1288 835 1446 927 prolana,
1471 837 1594 906 misere
1614 838 1808 908 turbabant
1851 838 2460 940 lnHispaniaAbder-Rbcmonll,

255 989 310 1059 cui
334 983 565 1056 Mubamedus
593 976 812 1072 (852—86)
839 975 1014 1058 successit,
1040 997 1105 1066 per
1130 974 1269 1066 triginta
1290 995 1397 1041 annos
1424 969 1634 1064 (822-52)
1660 971 1929 1042 Muhemedenis
1956 985 1991 1043 et
2011 975 2216 1060 christianis,
2237 975 2321 1048 inter
2340 1003 2393 1052 eos
2412 987 2462 1058 de.

255 1133 391 1218 gentes,
408 1119 504 1213 juste
526 1114 728 1208 imperabat.
779 1109 896 1202 Neque
921 1105 997 1176 hec
1022 1109 1202 1198 peninsula
1224 1106 1391 1176 intestinis
1414 1107 1515 1176 bellis
1542 1107 1773 1200 affligebatur.
1814 1107 1921 1176 Haud
1942 1109 2048 1202 igitur
2069 1099 2103 1181 in
2122 1109 2388 1202 precedentibus
2409 1143 2461 1212 pa.

255 1257 345 1354 ginis
372 1255 418 1323 de
441 1251 579 1321 duobus
604 1249 658 1318 liis
684 1245 800 1339 regnis
822 1242 999 1334 disputare
1025 1242 1209 1329 debebam,
1235 1240 1298 1312 sed
1323 1241 1497 1336 singulari,
1510 1241 1582 1311 boc
1604 1243 1685 1312 loco
1707 1242 1884 1332 disseram,

605 1423 790 1542 'qvae
834 1456 1094 1516 essent
1155 1445 1478 1546 rationes
1539 1445 2081 1550 ecclesiasticae

834 1611 1252 1716 lnBritennia

325 1781 348 1831 l.
376 1777 456 1828 Sacer
472 1771 537 1825 ordo
553 1769 790 1838 Aegio-Saxonum
809 1765 990 1820 controversiis
1006 1765 1085 1818 sacris
1101 1765 1200 1817 nullum
1216 1764 1329 1817 laborent
1343 1759 1484 1830 impendit,
1502 1762 1549 1818 sed
1562 1761 1748 1835 AEtbeivulphi
1764 1767 1838 1832 regie

255 1893 281 1939 et
298 1877 449 1949 Bertuipbi,
475 1877 544 1942 regis
569 1873 696 1926 tributarii
714 1869 851 1939 llercieei,
877 1869 973 1938 pietate
994 1875 1022 1922 et
1046 1867 1197 1920 liberalitate
1217 1867 1240 1920 dr
1259 1867 1369 1920 muitum
1391 1867 1415 1920 in
1437 1868 1514 1920 rebus
1538 1869 1655 1924 civilibus
1673 1870 1835 1924 auctoritatis

253 1987 376 2052 exseruit,
391 1986 414 2038 dr
430 1983 513 2047 largae
530 1995 593 2048 opes
612 1984 639 2031 et
656 1976 793 2030 facultates
811 1975 977 2042 compararit.
1017 1973 1104 2040 Supra
1121 1971 1234 2024 diximus
1254 1969 1357 2038 (pili),
1375 1967 1595 2039 AEtbeiwulpbnm
1611 1974 1645 2027 ln·
1657 1973 1765 2040 singuiis
1780 1975 1836 2042 qui·

255 2097 350 2158 basqm
366 2085 490 2141 iaciendis
508 2083 607 2138 elstani
625 2081 741 2156 episcopi
759 2079 873 2133 consiliis
888 2085 1006 2140 secutum
1025 2093 1091 2132 esse.
1130 2076 1182 2130 llic
1198 2090 1258 2128 sero
1273 2075 1390 2144 ingratus
1405 2071 1578 2144 Etbeibaido,
1595 2081 1682 2130 eiidd
1697 2093 1775 2132 nouae
1793 2095 1835 2134 ree

253 2199 278 2248 in
295 2201 393 2262 patrem
412 2205 499 2258 regem
516 2187 645 2250 molienti,
667 2185 766 2240 socium
782 2199 812 2236 ee
830 2182 958 2249 asliondt.
999 2179 1159 2251 bertolphus
1179 2176 1312 2234 monacbis
1327 2176 1526 2246 croylandensis
1542 2183 1706 2250 monasterii,
1730 2199 1836 2252 ormen-

252 2301 338 2361 tibas,
367 2293 560 2361 sententiosis
580 2289 681 2344 damnis
705 2305 752 2357 per
769 2287 891 2355 qvosdans
909 2286 1091 2341 adversariost’
1112 2285 1208 2352 affligi,
1232 2290 1333 2374 tantum
1350 2282 1445 2336 luroris
1469 2285 1608 2352 prestitit,
1633 2292 1662 2339 nt
1680 2287 1707 2340 in
1725 2289 1834 2342 concilio

252 2396 475 2470 Kinglsbnrlenei,
498 2413 520 2448 e.
538 2397 589 2448 sel
608 2401 713 2461 coacto,
741 2393 782 2446 eni
800 2391 941 2447 intererant
950 2392 1054 2482 'prelati
1075 2383 1102 2444 e't
1125 2405 1246 2460 proceres
1270 2388 1349 2441 totins
1367 2389 1456 2456 regni,
1482 2403 1533 2442 non
1554 2390 1639 2442 solnm
1657 2389 1833 2460 interdiceret,

252 2505 349 2561 neisoc
366 2505 541 2572 inposterum
559 2501 646 2565 lieret,
669 2496 717 2550 sed
737 2497 815 2556 etiam
832 2491 964 2549 monacbis
980 2495 1029 2550 iilis
1047 2493 1151 2546 ”omnia
1166 2519 1201 2534 -
1220 2493 1355 2561 ecciesiae,
1383 2493 1511 2562 capellas,
1531 2499 1627 2561 terrae,
1654 2501 1801 2549 tenemento
1809 2499 1834 2564 ¹,

252 2619 385 2682 menese,
402 2605 573 2676 piscationes,
591 2601 735 2669 maneriai,
751 2602 910 2668 mansiones,
928 2597 1074 2654 molendina
1084 2597 1108 2661 ⁴,
1135 2601 1254 2651 meraca⁵
1274 2603 1301 2650 et
1318 2595 1461 2650 mariscos⁸
1481 2626 1516 2636 -
1537 2597 1621 2652 libers
1637 2600 1672 2654 ab
1690 2599 1760 2653 sesni
1777 2617 1833 2654 ser·

253 2717 316 2769 nitio
335 2707 450 2766 seculari
468 2716 494 2762 et
515 2723 592 2761 onere
609 2712 712 2758 terrem
730 2703 899 2773 concederet,
922 2711 949 2757 et
969 2704 1141 2770 emanciparet
1161 2701 1193 2754 ab
1212 2701 1281 2754 osnni
1302 2699 1391 2754 debito
1407 2701 1491 2768 ragis,
1515 2711 1542 2756 et
1559 2703 1643 2758 omnis
1663 2704 1769 2758 sites-ina
1787 2701 1834 2756 do·

253 2820 315 2874 mini
335 2825 363 2872 et
378 2811 505 2875 hominu,
525 2809 700 2876 cuiuscunque
713 2808 792 2862 suerit
808 2807 952 2878 dignitatis,
970 2806 1143 2872 excellentiae,
1158 2806 1199 2858 sel
1214 2802 1334 2870 honoris,
1352 2812 1381 2858 nt
1398 2801 1477 2873 nihil,
1492 2808 1587 2876 inqsit,
1616 2805 1725 2862 amodo
1742 2809 1781 2876 (cr
1799 2807 1832 2860 ab

253 2923 312 2978 hoc
321 2919 381 2974 inde
398 2912 581 2982 tempore).de
599 2913 677 2966 verbi
696 2912 763 2966 sacri
782 2913 929 2969 nonnoni
950 2909 1112 2980 Croylandioe
1127 2907 1275 2976 monacbis,
1296 2909 1403 2964 literatis
1409 2947 1419 2973 ,
1440 2917 1485 2964 aut
1502 2910 1588 2979 laicis,
1611 2912 1705 2978 serris,
1731 2919 1778 2966 ant
1795 2919 1835 2966 te·

253 3024 394 3080 motibus*
414 3019 506 3074 restris
521 3019 626 3084 exigere
640 3017 755 3085 possint,
771 3023 868 3085 prester
883 3016 1012 3072 crationes
1027 3021 1124 3068 ιιιιιιι
1141 3023 1169 3070 ct
1183 3015 1306 3070 beneficia
1320 3015 1479 3086 spirituaiia”
1496 3015 1587 3084 (wne.
1598 2995 1647 3072 lc.
1657 3033 1682 3084 p.
1693 2999 1833 3084 lbi-82).

252 3121 460 3194 AEtheiwnipbus
477 3129 564 3176 sumas
579 3120 746 3190 qrodrlennio
762 3127 823 3190 post
838 3122 864 3175 in
881 3119 995 3187 gereni
1013 3119 1128 3174 omnium
1145 3120 1332 3187 provinciarum
1352 3120 1592 3188 Aegio-Saxonum
1610 3127 1754 3188 monento,
1772 3137 1833 3176 con·

252 3233 310 3287 cilio
325 3226 486 3286 wintonensi
503 3227 582 3292 vulgo
603 3225 747 3294 appellato,
773 3225 917 3278 universam
932 3223 1066 3278 ecclesiam
1085 3222 1250 3291 Angilcanaua
1271 3223 1427 3278 ”donatione
1450 3222 1557 3279 decimae
1574 3225 1713 3278 mensionis
1734 3232 1762 3278 et
1777 3243 1833 3279 om-

251 3339 322 3392 nium
342 3337 468 3388 meorum
485 3345 532 3400 per
552 3339 648 3404 terram
663 3337 754 3384 snam’
771 3329 862 3394 (wilk.
881 3329 897 3382 l.
911 3346 934 3382 c.
948 3345 976 3398 p.
992 3330 1057 3394 183,
1076 3328 1142 3394 not.)
1158 3326 1265 3395 diteuit3
1284 3327 1358 3395 cnjus
1376 3337 1463 3382 tamen
1478 3326 1625 3383 donationis
1645 3333 1723 3386 rerba
1740 3349 1833 3402 magna

251 3397 420 3508 ambiguitate
439 3437 589 3490 laborant0.
873 3493 876 3498 ,

320 3549 345 3596 2.
376 3541 430 3594 Sed
453 3557 486 3595 ex
507 3539 592 3592 verbis
617 3553 688 3590 conc.
712 3537 864 3605 Kingiebur.
888 3537 968 3592 sendo
989 3535 1099 3590 laudatis
1116 3538 1245 3606 meritur,
1270 3544 1299 3590 ιιι
1319 3535 1447 3590 seculares
1473 3537 1535 3603 riri,
1558 3540 1669 3593 maxime
1693 3542 1832 3610 optimates

251 3653 299 3716 (-
319 3645 485 3714 ”dignitatie,
506 3642 680 3707 excellentie,
700 3639 832 3710 bonorie”‚
846 3642 945 3710 al.··-),
960 3649 1057 3696 tantm
1076 3641 1169 3695 aedium
1188 3656 1318 3694 mnarum
1334 3641 1520 3696 immunitatem
1537 3659 1606 3710 egre
1624 3645 1743 3713 tulerint;
1763 3646 1831 3700 unde

252 3753 350 3820 injurie
366 3752 437 3816 istae,
452 3746 485 3803 da
500 3748 592 3816 quibus
609 3743 728 3800 monscbi
745 3743 950 3814 croylandenses
965 3745 1150 3813 querebantur,
1164 3760 1224 3822 *qve
1238 3753 1326 3798 aretem
1344 3759 1432 3798 omnes
1450 3744 1549 3811 injurie
1564 3761 1615 3799 nou
1632 3757 1705 3802 eram
1716 3753 1739 3817 ⁹,
1754 3749 1830 3804 iaciia

251 3857 372 3924 explicari
393 3859 510 3922 ριιιιιιιιι.
534 3851 624 3919 Neque
638 3847 688 3904 bac
702 3865 794 3918 regnas
810 3851 908 3920 pietate
924 3849 990 3906 male
1008 3846 1115 3918 provida
1128 3848 1225 3902 iactum
1241 3856 1291 3916 est,
1311 3853 1340 3902 nt
1349 3865 1422 3902 sacer
1431 3848 1495 3902 ordo
1504 3849 1605 3920 reliqna
1616 3851 1688 3918 regni
1697 3851 1830 3907 ordinibus

252 3963 326 4031 piene
341 3957 527 4010 dominaretur.
567 3955 704 4020 Conciiiis,
727 3970 783 4022 qve
800 3967 891 4020 regem
906 3955 1060 4017 ιιιοιοιιιιιο
1075 3955 1283 4020 cogebantnr10,
1310 3954 1450 4007 intererant
1469 3952 1549 4010 duces
1565 3961 1592 4009 et
1608 3956 1730 4021 comites,
1761 3957 1830 4012 unde

252 4061 314 4117 nihii
330 4055 458 4114 commodi
476 4057 593 4113 ecclesiae
608 4057 759 4124 Anglicenre
775 4055 882 4111 coacedl
900 4063 1003 4126 poterat
1020 4057 1077 4110 eine
1095 4073 1183 4111 eorum
1204 4071 1331 4112 massaeo
1342 4059 1380 4110 ¹¹.

320 4171 344 4217 ³.
370 4163 458 4218 Quum
476 4172 576 4218 tantuin
590 4169 660 4239 esset
675 4161 701 4214 in
717 4161 822 4229 regibru
835 4161 902 4214 sacri
919 4159 1016 4216 ordinis
1031 4163 1164 4225 studium,
1180 4159 1250 4217 bend
1263 4162 1339 4216 facile
1353 4161 1480 4230 diseemip
1493 4163 1576 4232 alinea
1588 4163 1707 4218 Romano
1718 4165 1828 4218 antistiti

252 4269 471 4338 opportunitatem
488 4265 582 4320 offerre
599 4275 701 4336 poterat
715 4266 877 4334 jndiciariam
896 4272 1052 4335 potestatam
1074 4267 1220 4324 censendi.
1254 4264 1307 4320 Sed
1322 4265 1553 4334 sagio-suone·
1571 4267 1625 4337 pari
1668 4277 1746 4336 atqie
1759 4270 1830 4336 obn,

253 4371 392 4426 reuerentia
409 4376 437 4420 et
457 4370 546 4422 arbem
564 4371 674 4426 Romam
695 4379 724 4426 et
746 4369 896 4440 apiostoiicae
915 4369 984 4423 sedis
1007 4372 1150 4440 antistitem
1177 4372 1405 4443 prosequebantnr.
1450 4373 1524 4426 Anno
1548 4375 1602 4426 tibio
1621 4369 1830 4442 AEtbeisrulpbus

252 4493 296 4530 rer
316 4489 374 4526 cunr
391 4471 510 4540 elfredo,
534 4473 588 4527 nito
610 4479 673 4528 neta
691 4474 812 4540 minimo,
835 4489 937 4530 sacrum
964 4471 1014 4526 lter
1032 4473 1143 4528 &mam
1161 4475 1291 4541 suscepit,
1316 4481 1343 4528 et
1362 4473 1430 4527 breti
1450 4484 1511 4528 ante
1524 4471 1666 4528 Seitbinne
1692 4476 1830 4547 episcopos

253 4577 451 4643 wintoniensis,
475 4575 559 4632 eidem
576 4577 703 4633 desiderio
720 4579 890 4634 satisfecerat.
936 4577 1027 4634 (isidi
1053 4575 1121 4645 quod
1139 4577 1274 4646 elfredus,
1298 4594 1364 4648 puer
1380 4579 1489 4646 qvinqse
1504 4595 1585 4632 mnne
1606 4587 1696 4647 natus,
1722 4596 1783 4634 cnm
1798 4597 1830 4634 eo

252 4685 345 4738 ιιιΙιιιιι
362 4689 418 4748 eet,
435 4687 465 4734 ut
482 4699 499 4734 a
518 4677 660 4749 Leonelil,
675 4681 848 4738 neeeimnsob
865 4682 974 4749 qram¹¹
984 4697 1097 4750 canaam,
1112 4689 1278 4736 coronaretur
1292 4689 1320 4736 et
1330 4691 1495 4750 ungrmetur.
1513 4683 1627 4749 Tantum
1641 4685 1697 4752 iam
1709 4685 1831 4739 samem

251 4789 397 4857 exemplum
413 4784 510 4840 Leonis
526 4783 564 4836 lll
584 4799 723 4852 comaque
745 4785 898 4854 pontillcum
925 4786 1115 4853 Romanarum,
1142 4787 1185 4855 qvi
1205 4793 1266 4858 post
1289 4803 1349 4840 anna
1373 4801 1449 4854 reges
1475 4795 1503 4843 et
1532 4790 1700 4859 imperatores
1719 4789 1829 4843 altrei·

252 4897 448 4954 coronaverunts
471 4895 501 4943 et
517 4887 719 4958 exspectandam
743 4896 813 4956 erat,
835 4889 908 4957 ilios,
932 4907 1012 4959 quum
1031 4893 1142 4963 primurn
1159 4889 1328 4946 concredens
1343 4892 1409 4947 sacri
1428 4891 1541 4962 ordinis,
1564 4893 1645 4961 qualis
1667 4893 1693 4946 in
1713 4893 1830 4948 Pseudo

253 4995 399 5048 isidorianis
417 4995 589 5052 decretaliter
606 4993 725 5046 instituta
739 4999 809 5059 erat,
832 4993 911 5061 snlgo
935 5005 1066 5067 receptam
1084 4994 1222 5064 vidissent,
1245 4993 1289 5064 ine
1313 4997 1371 5066 ipos
1390 5009 1466 5070 reges
1487 5011 1539 5052 non
1559 4997 1644 5054 solnm
1658 4997 1829 5067 inaugurandi

254 5095 299 5150 aad
315 5099 487 5158 constituendi
505 5099 555 5156 sibl
568 5105 735 5172 arrogaturos
752 5111 818 5151 esee.

1987 1614 2041 1676 in
2091 1615 2396 1698 Hispania.

1957 1765 2083 1822 Homines
2100 1767 2234 1824 ebrietr'aai
2256 1770 2301 1824 diu
2321 1771 2346 1826 in
2363 1773 2462 1844 Hispanis

1899 1864 1982 1912 tutam
1993 1861 2073 1915 sitam
2088 1860 2225 1932 degerant.
2249 1863 2341 1916 Subito
2349 1875 2462 1920 ιιιοιιιιι

1900 1959 2041 2022 martyrum
2051 1956 2141 2009 laudes
2149 1954 2301 2025 capessendi
2310 1955 2404 2024 cupido,
2414 1960 2462 2012 nale

1900 2061 1979 2110 esna,
2003 2050 2102 2101 animos
2119 2062 2211 2100 eorum
2226 2047 2374 2115 occupavit,
2394 2057 2417 2101 ut
2429 2067 2462 2120 pu-

1900 2136 1965 2190 blice
1973 2136 2125 2193 Mubamedi
2143 2137 2339 2206 maledicerent,
2357 2157 2399 2210 qno
2411 2159 2461 2196 nor·

1898 2228 1933 2281 tis
1949 2230 2104 2300 supplicium
2121 2231 2233 2284 inerant.
2263 2230 2362 2287 llorum
2373 2235 2461 2288 oasim

1898 2320 2036 2390 Eulogius,
2055 2325 2191 2394 presbyter
2208 2322 2378 2380 Cordubensis
2384 2327 2460 2396 (sido

1896 2417 1943 2482 81)
1961 2417 2071 2468 maxime
2089 2431 2150 2488 pare
2164 2420 2232 2468 erat.
2268 2415 2294 2467 le
2308 2433 2332 2470 a.
2348 2423 2391 2472 dil
2401 2418 2460 2472 dono

1896 2505 1956 2557 exul
1975 2507 2074 2574 lentus,
2101 2491 2239 2576 postqv'sn
2258 2507 2376 2575 plurimos
2390 2510 2460 2579 llispa-

1897 2597 1946 2649 niae
1964 2605 2063 2652 tractus
2079 2601 2280 2669 peragrauiseet,
2296 2601 2426 2656 Corduben
2434 2619 2460 2654 re·

1896 2703 1986 2744 serene
2000 2701 2057 2755 est,
2078 2694 2122 2746 ubi
2136 2692 2192 2760 jam
2215 2693 2251 2760 (a.
2273 2693 2336 2760 8⁵1)
2351 2695 2459 2748 lenaticum

1896 2781 1960 2836 iilud
1976 2791 2085 2842 nonen
2100 2782 2245 2854 oppetendi
2260 2785 2371 2840 studium
2381 2787 2461 2840 moenis

1898 2873 2018 2928 lendibus
2035 2877 2061 2930 in
2079 2877 2179 2930 eoelum
2198 2877 2301 2932 extulit.
2328 2877 2462 2932 cordatiores

1897 2966 2000 3033 quidem
2025 2967 2084 3020 riri'
2098 2967 2124 3020 id
2148 2969 2348 3038 improbabant:
2375 2973 2462 3041 episcopi

1897 3057 1999 3125 quidam
2015 3061 2041 3112 in
2059 3061 2167 3115 coneilio
2180 3060 2346 3116 Cordubensi
2357 3066 2383 3099 ¹⁴
2397 3081 2416 3116 a.
2425 3067 2461 3116 eit
2475 3073 2476 3134 ἦ

1897 3152 2055 3221 madebant,
2076 3155 2141 3207 tales
2162 3162 2295 3222 martyres
2309 3171 2358 3208 non
2374 3171 2421 3210 essa
2433 3171 2461 3208 ro

1897 3242 2001 3297 lendose
2018 3245 2075 3314 ipse
2087 3246 2215 3315 Princeps
2230 3246 2360 3300 edicebat:
2376 3247 2459 3314 ”utqui

1896 3331 2085 3406 [Christianus]
2103 3337 2322 3409 blasphemaverit
2342 3337 2475 3408 [liubane-¹

1894 3423 1975 3496 deml,
1991 3426 2144 3499 flagelletur,
2162 3433 2243 3498 etqui
2260 3407 2475 3500 [ldubemedaousll

1895 3521 2050 3585 percusserit
2061 3519 2267 3592 [christianum],
2276 3522 2415 3578 oceidstnri'
2425 3523 2461 3588 (ia

1894 3609 1972 3666 dicad.
1982 3611 2121 3668 itia-tros.
2133 3631 2160 3683 p.
2172 3617 2249 3682 πᾶ).
2275 3615 2328 3670 Sed
2343 3614 2393 3669 bes
2405 3613 2460 3682 eqni

1894 3708 1934 3756 tae
1945 3701 2057 3758 iurarem
2068 3702 2203 3762 hominnm
2218 3705 2290 3762 baud
2303 3709 2459 3778 compesccbsi

1893 3792 2000 3860 Potina,
2024 3803 2054 3848 nt
2072 3806 2159 3852 narrat
2176 3799 2309 3870 Eulogius
2325 3802 2351 3854 in
2364 3796 2474 3870 epistol

1892 3885 2077 3955 Wilieindum‚
2102 3891 2147 3942 ”in
2171 3889 2260 3946 iorum
2288 3892 2460 3954 descendente,

1893 3965 1996 4032 boetem
2017 3979 2077 4033 iidei
2096 3981 2261 4051 repulerunt,
2280 3983 2422 4039 detestantes
2433 3989 2459 4034 at·

1893 4085 1942 4136 qne
1964 4071 2146 4127 maledicentes
2165 4079 2316 4144 mandras
2335 4085 2361 4132 et
2375 4078 2473 4157 edere,

1892 4179 1949 4216 ran
1964 4165 2078 4232 ipsorum
2096 4172 2181 4222 estam
2208 4167 2360 4233 mehemet,
2383 4175 2406 4222 st
2424 4163 2458 4218 iot

1893 4251 1972 4306 modo
1989 4291 2094 4312 .....
2115 4262 2297 4316 testimonium
2314 4262 2459 4332 protulerunt:

1892 4346 2016 4400 ’‘”riruni
2032 4345 2119 4414 hune,
2139 4369 2218 4418 qvem
2237 4370 2284 4407 sos
2301 4368 2396 4408 ennam
2408 4361 2458 4402 mc

1893 4437 1993 4492 ratione
2010 4441 2154 4510 exeoiltia.
2171 4481 2179 4498 .
2196 4483 2204 4498 .
2221 4483 2229 4499 .
2246 4463 2367 4518 ηιμ,
2383 4441 2472 4498 eide-r

1891 4547 1950 4584 ran
1963 4535 2217 4592 etnesdacessesse
2226 4539 2398 4605 cognorimus,
2411 4533 2458 4600 titi

1892 4633 1941 4692 qve
1956 4622 2076 4680 mcduios
2085 4627 2128 4694 (os
2143 4634 2306 4698 ιοοιιιοιει)
2320 4638 2471 4724 mid,

1892 4714 1998 4770 ditionis
2030 4717 2125 4786 lanceis
2158 4721 2348 4792 mancipandos
2381 4717 2457 4774 cositc

1890 4809 1998 4864 mnr’‘”.
2034 4809 2103 4866 (isid
2121 4811 2220 4867 mirum
2239 4815 2335 4882 igitur,
2356 4808 2455 4867 netur

1891 4898 1972 4954 danos
1993 4917 2082 4957 senem
2104 4903 2130 4957 ln
2148 4901 2311 4960 christianos
2333 4901 2452 4960 mindo·

1890 4992 1975 5047 tiesei
1998 4993 2058 5064 lpse
2074 4994 2226 5064 Eulogius,
2251 5013 2332 5065 qnnm
2348 4993 2470 5068 laocn'i'ffl¹

1891 5085 2015 5152 virginem
2036 5083 2262 5144 lilnbamcdanam
2283 5090 2334 5146 dds
2350 5069 2470 5157 omnini

1889 5177 2033 5248 imbuisset,
2047 5185 2083 5246 et,
2096 5180 2123 5233 in
2134 5179 2315 5254 insinnatur,
2336 5169 2457 5238 blubautli

1890 5263 2042 5324 maledicere
2056 5268 2126 5325 band
2142 5269 2295 5342 desisteret,
2312 5289 2336 5328 a.
2350 5275 2397 5326 aes
2407 5261 2457 5332 fill·

1890 5351 1934 5416 ‘teli
1949 5363 2076 5433 supplicio
2097 5381 2241 5434 percum
2258 5373 2307 5422 esc
2468 5373 2469 5382 ’
