5002 6366
403 403 545 473 Littera
565 401 737 492 bonaeque
758 409 848 470 artes
869 421 934 493 per
954 397 1027 472 hoc
1052 425 1161 474 oemrn
1188 425 1313 498 parurn
1341 401 1557 472 colebantur.
1612 400 1801 494 Hispania,
1835 400 1918 472 olim
1947 402 2046 473 sedes
2078 401 2276 473 litterature
2303 408 2474 498 neutiquam

250 527 465 633 spernendae,
489 537 716 605 inditionem
737 535 892 604 Arabum
913 535 1067 626 redacta,
1092 539 1203 632 magia
1227 558 1395 634 oppressa
1420 545 1504 623 erat,
1530 559 1633 627 quarn
1654 545 1693 604 ut
1711 534 1761 602 ibi
1773 535 1933 606 homines
1946 537 2068 606 litteris
2081 534 2271 606 admodum
2283 559 2396 610 uacare
2405 563 2475 634 poa·

250 685 334 746 sent
385 673 427 742 ln
451 670 599 742 Francia
620 669 783 741 socordia
804 693 928 763 regum
954 676 1069 770 stirpis
1094 671 1272 759 Merouei,
1303 672 1433 741 crebrae
1457 670 1673 740 incursiones
1698 669 1872 778 Arabum,
1902 672 1990 772 belli
2012 669 2165 740 studium
2191 669 2306 742 Caroli
2331 673 2474 766 Martelli,

250 809 390 880 assidua
410 807 505 876 bella
526 807 643 900 Pipini
668 804 816 900 Exigui,
844 805 1012 878 dissoluta
1036 809 1182 899 denique
1207 805 1345 876 uiuendi
1366 806 1454 876 ratio
1476 806 1583 874 totius
1605 803 1692 874 sacri
1720 804 1871 892 ordinis,
1898 804 2083 896 disciplind
2102 803 2279 875 Bonifacii
2298 832 2411 901 parum
2429 833 2475 882 es-

251 944 391 1048 stiguta,
417 943 573 1031 interque
594 942 672 1011 hec
693 941 812 1011 omnia
837 943 967 1014 scholas
987 944 1139 1036 publicae
1164 941 1381 1028 intermissae,
1406 941 1528 1010 litteris
1555 961 1771 1031 magnopere
1792 939 2006 1010 officiebant.
2053 942 2094 1010 ln
2116 939 2231 1009 media
2256 942 2355 1012 Italia
2378 947 2474 1014 omnia

245 1216 300 1284 nis
321 1211 425 1282 bellis
451 1211 748 1302 impediebantur,
776 1231 844 1299 quo
866 1210 978 1280 minua
1004 1209 1270 1281 humanioribus
1292 1209 1415 1280 studiis
1441 1231 1479 1280 se
1500 1207 1633 1276 darent.
1664 1209 1807 1338 'Neque
1837 1209 1940 1278 facile
1969 1213 2003 1280 in
2032 1213 2183 1278 animum
2212 1211 2374 1283 inducere
2392 1225 2476 1306 pote·

250 1357 341 1435 rant,
378 1355 418 1413 ut
452 1342 568 1412 Romi
597 1343 780 1435 magistros
809 1343 880 1412 hoc
912 1354 1069 1436 tempore
1107 1352 1335 1428 arcesserent,
1378 1365 1446 1434 quo
1485 1342 1553 1434 ipsi
1587 1353 1623 1410 et
1651 1343 1803 1412 Romani
1842 1341 1964 1413 hostili
2003 1345 2121 1412 animo
2153 1345 2251 1415 alteri
2288 1347 2407 1416 alteros
2435 1349 2475 1416 in·

251 1471 503 1571 sequebantur(
540 1477 624 1548 Sola
645 1477 751 1570 igitur
770 1478 952 1548 Britannia
978 1480 1103 1552 doctos
1129 1480 1221 1550 viros
1242 1477 1394 1563 nutriuit,
1419 1487 1455 1549 et
1475 1498 1536 1546 eos
1558 1476 1698 1566 quidem
1719 1501 1785 1571 pro
1806 1479 1947 1548 illorum
1971 1481 2168 1569 temporum
2193 1481 2380 1552 rationibus
2399 1480 2475 1550 haud

251 1612 534 1686 contemnendos.
588 1609 718 1678 Verum
755 1614 829 1703 ipse
858 1610 977 1698 Beda,
1003 1613 1185 1704 stupendas
1215 1610 1417 1681 eruditionis
1447 1611 1517 1696 uir,
1548 1609 1755 1680 humanitati
1782 1613 1984 1684 excolende
2012 1635 2137 1706 parum
2166 1615 2379 1704 proficiebat
2422 1615 2475 1684 llic

251 1750 344 1820 enirn
373 1751 536 1842 primum,
564 1747 740 1834 exquisitae
772 1746 942 1820 doctrine
968 1767 1076 1838 opera
1107 1768 1332 1839 componens,
1358 1743 1594 1814 universaliori
1615 1746 1741 1816 civium
1764 1747 1953 1818 excultioni
1987 1747 2101 1816 minus
2129 1731 2314 1820 consuluit
2363 1747 2475 1822 ande

246 1885 385 1977 'optima
409 1906 551 1974 quaeque
569 1879 842 1974 praecedentium
868 1882 1065 1949 seculorum
1091 1883 1218 1973 scripta
1244 1898 1444 1970 excerpens,
1470 1876 1602 1946 ciuibus
1629 1880 1699 1947 suis
1725 1880 1906 1972 propriam
1926 1880 2188 1950 meditationem
2209 1883 2310 1952 haud
2330 1884 2375 1952 ita
2396 1904 2473 1952 corn

161 2075 162 2080 ,
246 2013 434 2100 ‚mendauit
485 2019 579 2088 Turn
601 2019 740 2087 ethicen
762 2025 797 2085 et
820 2014 1046 2107 dogmaticen
1071 2014 1240 2084 Romanas
1261 2011 1417 2082 ecclesiia
1442 2010 1639 2081 incredibili
1659 2016 1850 2085 reuerentia
1868 2025 2095 2109 prosecutus,
2119 2015 2273 2108 plurima
2298 2016 2342 2086 de
2362 2017 2474 2088 caubu

245 2151 570 2244 poenitentialibus,
591 2148 799 2242 paucissima
823 2149 869 2216 de
893 2171 1029 2219 momm
1054 2150 1241 2218 honestate
1263 2145 1435 2233 dissemit,
1462 2146 1551 2213 falsa
1573 2144 1740 2240 dogmata
1757 2172 1788 2219 u.
1807 2171 1838 2219 c.
1858 2150 1904 2220 de
1920 2155 2003 2245 igne
2021 2152 2242 2246 purgatorio,
2268 2149 2471 2241 (histeccles.

248 2283 314 2372 Ill,
337 2283 404 2376 19)
432 2307 495 2354 auo
519 2307 662 2354 assensu
684 2284 941 2377 comprobarit,
968 2293 1003 2354 et
1023 2281 1213 2358 leuissimis,
1231 2279 1422 2374 quibusque
1447 2278 1570 2368 rebus,
1599 2291 1639 2350 ut
1659 2291 1825 2370 tonsure,
1856 2287 1990 2376 pascha
2014 2286 2217 2356 celebrandi
2238 2285 2362 2356 rationi
2388 2295 2418 2354 et
2441 2286 2472 2354 al

248 2422 341 2513 plus,
366 2440 468 2510 quam
490 2439 624 2509 equum
642 2426 745 2502 esset,
769 2417 872 2510 pretii
893 2415 1023 2484 tribuit
1076 2417 1246 2486 Praeterea
1271 2415 1471 2508 allegorica,
1497 2436 1564 2503 qua
1581 2416 1752 2504 utebatur,
1779 2439 1884 2490 sacras
1896 2424 2074 2514 scripturos
2083 2421 2364 2512 interpretatione
2376 2417 2473 2488 sobrio

143 2513 149 2522 ἢ
251 2552 358 2645 hujus
379 2552 620 2645 intelligentie
641 2553 790 2622 ntultum
816 2550 944 2621 offecit.
993 2549 1151 2643 Denique
1176 2546 1421 2642 superstitione
1446 2545 1510 2616 seui
1535 2550 1589 2617 sui
1614 2551 1716 2622 uelde
1743 2531 1917 2643 imbutus,¹
1947 2555 2094 2637 insulsas
2117 2553 2256 2624 fabulas
2276 2575 2363 2626 uere
2385 2573 2471 2622 remu

248 2687 403 2757 historin
427 2687 621 2756 immiscere
641 2683 742 2756 haud
761 2653 940 2755 dubitauit.
983 2682 1088 2768 Qvod
1109 2705 1190 2755 uero
1212 2682 1427 2752 ”axiomata'’
1448 2680 1494 2749 ad
1517 2684 1715 2776 exemplum
1739 2689 1936 2760 Aristotelis
1967 2687 2126 2781 scripsit,
2156 2686 2235 2758 haec
2256 2699 2401 2758 mentem
2420 2685 2470 2754 hu·

247 2843 388 2890 manem
407 2822 520 2914 magis
546 2843 669 2892 acuam
690 2845 793 2913 quarn
818 2819 977 2892 excolere
1002 2826 1173 2909 poterant.
1213 2819 1354 2909 Reliqui
1375 2813 1692 2912 ¹single-Saxonum
1713 2823 1900 2915 scriptores
1926 2827 2018 2895 ulus
2042 2821 2224 2916 cogitandi
2255 2823 2394 2892 modum
2414 2820 2468 2889 llo·

250 2978 361 3024 mano
382 2951 474 3038 sedis
499 2948 612 3024 haud'
620 2956 846 3048 enitebantur.
900 2952 1054 3044 Uterque
1075 2961 1188 3020 autem
1215 2951 1424 3047 Gregorius,
1452 2949 1497 3020 de
1527 2951 1650 3023 litteris
1671 2954 1771 3038 haud
1796 2959 1953 3050 solliciti,
1984 2959 2020 3030 in
2056 2955 2195 3050 scriptis
2222 2956 2294 3030 suis
2321 2955 2357 3026 id
2384 2953 2469 3026 solun

250 3091 411 3184 agebant,
437 3099 477 3158 ut
498 3088 728 3160 dominationi
755 3089 846 3160 sedis
861 3111 943 3178 ¹sule
968 3088 1220 3184 prospicerent,

895 3285 1455 3378 scriptores
1539 3297 1856 3367 latini.

321 3426 404 3489 Beda,
423 3425 612 3482 ''Venerabiiie
630 3425 727 3494 dictas,
742 3427 848 3481 natione
862 3425 973 3494 Augias,
992 3433 1070 3480 ustos
1084 3431 1167 3480 estu.
1183 3427 1244 3478 tm.
1272 3423 1340 3496 Sep-
1408 3423 1575 3492 Bouisoeiar,
1593 3425 1781 3482 Germanorum
1799 3433 1936 3500 apostolus
1954 3431 2056 3488 dictura
2138 3419 2144 3430 ⁸

250 3521 368 3574 tenueris
385 3535 449 3588 puer
465 3535 527 3571 cura
542 3519 745 3587 propinquorum
761 3517 838 3572 datus
855 3525 896 3572 eat
913 3517 1066 3572 educandus
1083 3516 1238 3584 ileuedicto,
1253 3532 1342 3570 mona·
1441 3520 1466 3570 1.
1486 3517 1604 3585 epistole
1622 3519 1699 3588 longe
1717 3522 1850 3589 plurimes

249 3611 323 3666 sterii
338 3611 367 3664 S.
383 3611 456 3665 Petri
471 3607 504 3662 ad
520 3607 732 3676 weremuthaur,
759 3617 786 3663 et
804 3609 953 3663 monasterii
969 3610 997 3661 S.
1013 3609 1089 3662 Pauli
1106 3607 1140 3662 ad
1159 3611 1299 3678 lngyruum
1317 3630 1341 3666 s.
1439 3611 1465 3661 2.
1484 3614 1588 3664 statuta
1606 3611 1714 3679 triginta
1732 3627 1788 3668 sex.

249 3703 383 3756 Giruicum
399 3702 496 3754 abbati.
532 3700 562 3754 ln
579 3697 620 3753 his
639 3701 802 3754 monasteriis
819 3702 868 3752 sub
883 3697 1019 3754 Benedicti
1034 3717 1065 3753 ac
1084 3701 1250 3769 postmodum
1266 3703 1342 3768 Cepi-
1405 3735 1542 3807 palm„
1569 3731 1729 3806 πὼίῳὴω
1771 3737 1945 3796 ΕΜ,
1962 3745 2119 3796 nmen

250 3792 310 3847 iridi
326 3794 450 3847 abbatum
468 3793 594 3860 regimine
610 3828 718 3846 .....
737 3791 846 3859 adoluit,
864 3791 929 3845 uiuit
944 3797 971 3846 et
988 3785 1124 3846 consedult
1143 3792 1222 3848 lieds.
1265 3796 1341 3849 Anno
1441 3831 1456 3880 1
1486 3771 1554 3881 dms,
1574 3842 1605 3880 u,
1623 3826 1657 3882 de
1672 3755 1758 3884 welz
2138 3773 2142 3794 ⁴

249 3887 334 3938 atatis
359 3889 393 3939 19
416 3884 586 3946 diaconatus,
616 3900 682 3938 auno
707 3887 743 3936 30
766 3886 961 3953 presbyteratus
987 3883 1098 3951 pradum
1123 3886 1312 3956 suscepit...
1332 3920 1340 3939 .
1440 3863 1467 3971 2⁰
1487 3918 1522 3973 nd
1536 3843 1687 3972 Ζῖὼώω
1756 3938 1798 3974 m
1834 3939 1864 3978 m
1900 3923 1976 3978 nmo,

249 3977 353 4030 circiter
368 3995 392 4031 a.
407 3981 476 4040 tot,
500 3983 528 4032 et
549 3975 691 4029 lautissima
709 3973 764 4041 jam
786 3976 928 4028 omnifariae
946 3975 1071 4032 doctrine
1093 3977 1287 4047 suppellectile,
1310 3994 1341 4032 ac
1440 3953 1610 4066 imm
1626 4009 1661 4064 ,d
1703 3937 1795 4067 ἯΜ
1816 3939 1949 4069 propicia
1967 3961 2037 4068 :w

249 4067 370 4138 penitiori
389 4069 522 4136 utriusque
540 4067 641 4135 lingue,
659 4069 865 4137 optimorumque
882 4069 1048 4122 scientiarum
1063 4069 1212 4136 cognitione
1230 4071 1341 4124 instruc-
1441 4104 1468 4158 4·
1486 4028 1899 4170 ωωϋωὼωρζάώςυωί
2027 4055 2038 4084 '

249 4169 303 4228 tos,
320 4160 354 4213 ad
373 4159 539 4215 scribendum
557 4176 586 4212 se
601 4157 715 4213 accinxit
730 4197 836 4215 .....
866 4161 907 4214 De
923 4159 1044 4213 laudibus
1058 4159 1340 4227 ejusidslmesburien-

249 4251 286 4307 ris
303 4248 350 4318 (de
366 4253 450 4320 gards
465 4252 609 4320 ,inpiorum
625 4251 641 4304 1
657 4255 683 4318 ³,
701 4269 723 4304 e.
740 4256 768 4316 t,
785 4252 830 4304 tol.
848 4254 905 4318 lo).
946 4251 993 4304 Vir
1023 4251 1121 4319 iuquit,
1146 4270 1218 4322 queas
1242 4251 1353 4310 saiwi*

242 4343 360 4412 seule·
381 4360 457 4414 qam
482 4343 565 4415 ugo
585 4343 736 4412 peram
755 4342 850 4412 puer..
898 4342 950 4410 oar
968 4342 997 4396 a
1019 4350 1134 4397 aarum
1156 4351 1238 4398 m
1262 4346 1341 4400 osso
1405 4320 1554 4393 ‘’wll“
1572 4321 1610 4384 Π»
1626 4322 1735 4376 ’ΝΜ
1750 4323 1904 4379 R⁰²¹⁸¹¹¹¹¹²
2026 4395 2031 4404 .

249 4435 361 4506 ungulo,
378 4434 504 4490 doctrines
518 4451 626 4489 amoueo
644 4441 730 4488 terroe
748 4441 835 4489 emata
848 4433 1054 4504 pumiceum
1068 4435 1150 4504 (Cave
1166 4435 1183 4488 l.
1198 4451 1222 4490 e.
1236 4454 1262 4507 p.
1274 4440 1340 4508 loa)
1438 4417 1464 4468 1·
1482 4413 1679 4486 ml⁰¹¹⁸³⁰¹¹⁰¹¹¹
1695 4413 1761 4469 mm
1775 4415 1788 4469 ¹
1803 4416 1837 4471 'd
1852 4417 1968 4472 Imm
1983 4418 2065 4474 lm·
2083 4419 2224 4490 ¹¹²¹P⁸⁸¹=i
2240 4422 2282 4490 qui
2299 4418 2385 4490 pella
2474 4463 2479 4478 v

248 4527 344 4592 qm·
1437 4509 1463 4558 2
1482 4504 2085 4579 responsionumlib.1adJobannem,epise
2106 4513 2261 4576 Constante

283 4619 388 4689 5059„
405 4618 462 4687 05„
480 4619 557 4687 long,
573 4619 683 4687 plum„
699 4619 845 4685 „gummi
863 4625 924 4670 „m
1437 4597 1600 4700 &epistolae
1615 4595 1674 4650 dun
1689 4597 1723 4651 ad
1738 4597 1820 4654 Leon.
1838 4601 1920 4656 issar.
1937 4617 1985 4672 pro
2003 4604 2077 4658 coitu
2093 4603 2244 4696 imaginum.

306 4714 334 4778 a)
353 4709 506 4778 homiletici,
523 4726 546 4763 u.
565 4727 588 4763 c.
606 4707 770 4763 homiliarum
785 4709 910 4776 euangelii
927 4711 985 4764 libr.
995 4709 1042 4776 111,
1059 4709 1197 4764 conciones
1212 4712 1340 4767 estivales
1438 4691 1464 4740 ⁴·
1482 4688 1601 4756 ⁰¹³be
1617 4687 1689 4742 Xffl·

253 4793 256 4800 ’
352 4808 388 4858 15
405 4803 439 4859 de
456 4810 590 4871 tempore,
608 4805 643 4856 tltl
662 4801 695 4855 de
711 4802 827 4869 sanctis,
850 4798 975 4858 hiemales
993 4807 1027 4856 lt
1045 4802 1079 4857 de
1096 4810 1231 4872 tenpore,
1254 4807 1288 4858 lt
1306 4802 1340 4860 de
1406 4813 1555 4887 Gregorius
1571 4813 1624 4886 lli,
1639 4817 1749 4873 antistes
1764 4818 1913 4873 &manase

353 4897 459 4960 ”ncilla
475 4894 711 4963 ‘ll'ldfflssffllmstlei
726 4897 771 4962 ²²2
789 4900 816 4948 0²
831 4894 863 4947 ⁸¹·
880 4896 1099 4965 Qfflllecifflffli
1438 4909 1463 4960 l.
1481 4905 1591 4974 epistola
1606 4905 1640 4960 ed
1655 4907 1761 4974 Ursum,
1780 4909 1874 4963 ducena
1890 4910 2068 4976 Venetorum

305 4989 336 5055 b)
354 4985 495 5060 exegetici,
511 4983 537 5041 u.'
552 5005 575 5041 c.
592 4983 748 5057 rhapsodias,
766 4987 953 5056 commentarii,
970 4988 1139 5057 quaestionem
1437 5001 1464 5054 ἱ.
1521 5023 1556 5037 -
1605 5025 1640 5044 ·-
1658 4999 1781 5054 Gerulum
1798 5001 1967 5073 Martellurn3

309 5077 336 5144 c)
353 5078 490 5132 historicis
961 5129 965 5138 .
1436 5095 1463 5144 a
1517 5115 1554 5130 —
1602 5117 1638 5128 —
1654 5093 1793 5161 episcopos
1808 5093 1835 5147 iu
1850 5095 1972 5164 bojoaria
1985 5103 2014 5151 et
2029 5095 2180 5151 Alamannia
2198 5095 2358 5152 oomlitaloe.

352 5175 376 5224 1.
395 5167 512 5225 historias
526 5167 711 5226 ecclesiastices
725 5171 814 5239 gentis
832 5171 975 5239 mbram
991 5170 1050 5224 libr.
1066 5169 1107 5234 Vr

350 5265 378 5314 2.
395 5263 511 5330 epitome
526 5279 549 5316 s.
565 5263 719 5316 nnuman
734 5259 852 5316 Materiae
868 5261 1033 5328 Auflloromt

351 5355 377 5402 c.
395 5353 448 5406 ulta
464 5351 600 5422 Cudberti,
618 5354 698 5423 episc.
714 5351 937 5418 Lindesiarensis3
956 5354 1008 5408 uita
1024 5361 1128 5428 patrum
1146 5353 1338 5418 hibernorum

303 5440 333 5508 d)
351 5441 450 5496 ethicis
872 5451 876 5458 ’
1403 5443 1508 5506 limae,
1527 5440 1682 5499 onomast

350 5531 383 5587 de
393 5533 513 5590 remediis
520 5544 874 5610 peecatorumsexeerptum
884 5536 918 5594 de
926 5536 1068 5593 eaoonlbm
1079 5537 1339 5606 pauumasxlornata.
1435 5541 1512 5604 peste
1526 5541 1555 5589 et
1570 5538 1703 5605 pusiones
1720 5547 1871 5598 momorum
1886 5550 2038 5615 martyrum.

1441 4199 1468 4248 ὁ.
1486 4195 1681 4266 poenitentiale,
1699 4195 1744 4250 lib.
1762 4195 1809 4251 lV.

1296 5249 1299 5260 .
1345 5227 1347 5238 ’
1404 5213 1584 5288 Megarios
1602 5213 1791 5288 &habetisne
1810 5221 1893 5290 putris
1910 5221 2088 5292 Burgundios:

1437 5304 1577 5362 chronicon
1593 5307 1626 5361 ab
1641 5309 1704 5363 orbe
1719 5309 1824 5366 condito
1843 5312 1877 5367 ad
1895 5331 1918 5368 a.
1934 5314 2078 5374 meandum
2095 5315 2220 5373 clodovei
2235 5331 2264 5369 a:
2282 5335 2304 5372 a.
2322 5317 2375 5370 llll.

1011 5711 1697 5745 a*
