5002 6366
2220 169 2273 250 31

53 449 122 522 gens
144 383 459 518 Angla-Senonum
485 428 595 498 solans
620 428 814 496 Romnum
840 424 947 494 iidem
970 423 1302 522 orthodoxam'esse
1323 424 1450 495 edocta
1475 435 1556 493 erat.
1608 425 1719 493 Porro
1746 425 1787 492 lis
1814 389 2060 492 iconoclastica
2086 423 2272 513 prefectos

50 559 259 651 imperatorios
275 561 455 651 compulit,
471 569 519 628 'nt
533 558 699 628 Romanis
715 559 922 628 antistitibus
938 557 1077 627 insidias
1096 567 1282 640 struerent;
1306 558 1368 640 sed
1387 558 1421 624 in
1435 557 1634 640 Germania,
1657 557 1789 647 qvoties
1811 579 1904 625 saera
1921 555 2061 647 qraestio
2088 554 2273 640 oriebatur,

49 695 132 762 toties
156 693 199 762 ad
223 693 372 762 tribunal
396 694 547 762 Romam
577 695 734 785 prrasulis
762 692 1031 783 confugiebatnr
1091 691 1247 778 Denique
1281 691 1437 779 potentia
1461 690 1699 758 Romanorum
1726 681 1934 776 antistitum,
1972 711 2074 781 qvam
2109 689 2142 755 in
2169 687 2273 754 ltalia
2354 700 2360 708 '

48 827 244 912 obtinebant,
269 827 651 930 ipsormnlpontilieum
675 824 869 917 prudentias
894 825 1076 892 maximam
1101 832 1236 915 partem
1263 821 1474 907 debebatur3
1500 834 1537 892 at
1558 823 1634 892 haee
1661 824 1696 890 in
1720 825 1996 920 transmontanis·
2012 822 2177 891 tractibus
2196 843 2273 888 ma-

48 959 121 1026 xime
144 961 245 1028 solius
271 957 447 1029 Boniiacii
470 959 592 1028 studiis
615 970 815 1052 comparata
841 968 902 1026 est
926 993 978 1010 ··-

47 1166 435 1239 Romana
523 1129 1181 1240 hierarchia

302 1333 334 1396 ὅ.
361 1336 393 1398 in
414 1354 512 1417 regno
534 1335 724 1398 Francorum
747 1337 932 1415 preparata.

98 1467 188 1531 Simili,
204 1487 347 1538 qranqram
364 1487 414 1525 uon
427 1473 482 1540 pari
498 1473 602 1526 iortma
617 1473 753 1540 pontilleea
769 1469 879 1524 Romani
894 1469 920 1520 iu
932 1468 1042 1519 Francia
1058 1467 1214 1527 utebantnr3

46 1550 88 1600 ote
101 1538 152 1604 ipsa
166 1541 303 1592 maximam
326 1548 425 1608 partem
443 1539 537 1594 studiis
555 1541 682 1593 Boniiacii
704 1539 855 1592 debebatur.
882 1537 947 1603 Qvi,
968 1552 1050 1604 unum
1068 1553 1109 1588 res
1128 1551 1214 1588 sacras

45 1604 199 1659 iniiernsania
215 1611 280 1661 satis
298 1609 391 1662 dextre
414 1610 601 1677 disposuisset,
620 1626 637 1661 a
658 1610 828 1662 Carlomanno
844 1608 974 1674 principe,
998 1608 1039 1672 qvi
1064 1605 1137 1658 utilia
1156 1621 1215 1656 esee

45 1669 86 1723 hec
97 1675 207 1729 institute
218 1687 333 1746 noceret,
350 1680 481 1746 inritatus,
497 1687 526 1730 ut
534 1679 559 1731 iu
569 1680 625 1744 eius
636 1695 716 1744 regno
730 1676 840 1742 ”adqvid
852 1677 885 1728 de
896 1675 1071 1728 ecclesiastica
1082 1675 1214 1739 reiigione,

41 1740 81 1804 iffi
94 1744 165 1810 longo
183 1755 301 1813 ternpore
320 1749 417 1799 calcata
434 1757 461 1800 et
482 1747 621 1815 dissipata,
637 1749 767 1811 corrigere
783 1751 810 1798 et
828 1745 1016 1797 emendarem
1030 1745 1116 1809 vellet,
1135 1742 1214 1794 ternis

43 1811 142 1874 tribdis,
160 1831 182 1866 a.
199 1819 271 1882 742,
294 1821 361 1882 74³,
382 1819 435 1869 rot
453 1814 564 1882 habitis,
591 1816 748 1868 caesareas
763 1815 836 1866 sueri
851 1811 952 1866 ordinis
966 1811 1030 1878 (rid.
1050 1828 1109 1880 pag.
1128 1815 1161 1877 6,
1180 1814 1213 1874 ²3

43 1881 79 1942 li,
93 1885 124 1946 e)
138 1885 260 1950 eulalie,
283 1901 377 1938 munus
396 1883 620 1953 metropolitarum
644 1893 671 1938 et
693 1893 805 1937 reterens
828 1883 989 1949 disciplinam
1011 1881 1213 1934 ecelesiasticam

42 1947 159 2003 restituens
175 1953 241 2019 (oo.
256 1970 316 2020 pag.
328 1958 363 2007 aa
377 1959 465 2020 aaa).
492 1955 557 2006 Quae
577 1971 657 2022 qmun
673 1954 786 2004 ”misem
803 1953 831 2004 S.
847 1952 936 2004 Petri’
956 1952 1042 2002 omnia
1056 1951 1213 2011 institueret,

43 2014 89 2068 atde
104 2022 250 2084 apostolicus
265 2023 388 2075 &manre
403 2023 524 2076 anarriln'l
540 2021 687 2092 dignitatis
702 2023 770 2080 inter
786 2021 901 2072 Francos
920 2019 1027 2087 pararit.
1056 2017 1132 2071 Qvod
1152 2033 1213 2069 nero

42 2085 106 2166 trihus
121 2091 300 2158 metropolitis,
317 2093 342 2144 iu
352 2091 463 2144 Francia
474 2092 632 2158 constitutis,
653 2091 806 2158 persuadere
821 2089 913 2155 voluit,
929 2097 958 2140 ut
973 2090 1005 2139 ab
1019 2083 1144 2139 haerede
1160 2087 1214 2152 psl·
1230 2151 1233 2160 Ι

42 2151 67 2204 lu
77 2168 226 2226 crement,
242 2160 269 2213 id
284 2161 341 2226 elne
356 2168 383 2214 et
399 2159 533 2214 Zacharias
550 2162 619 2214 solla
633 2162 718 2214 minna
735 2159 872 2212 successit.
913 2159 1063 2223 Quanquam
1081 2156 1148 2208 enirn
1163 2154 1213 2206 Za·

41 2218 121 2276 charles
137 2229 184 2280 tria
199 2225 243 2282 his
263 2231 340 2298 pollis
359 2231 473 2284 mitteret
491 2229 549 2282 ”ed
570 2245 660 2281 eorum
678 2229 849 2280 firmissimam
865 2228 1032 2279 stabilitatem
1040 2233 1056 2258 ”
1079 2223 1151 2288 (rid.
1171 2239 1213 2290 ep.

43 2289 104 2344 zon
121 2311 159 2361 ep.
178 2297 261 2350 llard.
279 2300 295 2351 l.
311 2317 334 2351 c.
352 2316 376 2367 p.
390 2299 552 2363 taso-aon
569 2305 654 2350 tannen
671 2297 787 2350 nonnisi
806 2312 873 2350 unns
888 2311 986 2360 eorum,
1002 2293 1214 2357 nomineGrimo,

41 2354 79 2410 hnc
92 2365 124 2414 uti
141 2366 220 2418 soluit
241 2367 305 2430 (vid.
326 2370 372 2420 alt.
388 2371 465 2436 epist.
475 2365 557 2419 Zach.
576 2367 592 2419 l.
612 2384 635 2418 c.
654 2384 680 2434 p.
691 2365 788 2430 leam
809 2366 862 2418 sire
877 2365 966 2429 reliqui
982 2362 1154 2429 metropolite
1169 2376 1214 2413 ex·

43 2435 105 2481 terne
118 2429 221 2487 honoris
248 2437 344 2504 speciei
368 2439 454 2489 minus
475 2436 564 2503 cupidi
591 2436 701 2502 inerint,
730 2437 784 2486 alae
809 2450 854 2496 ee,
881 2449 938 2499 qves
957 2427 1097 2484 Zacharias
1112 2429 1213 2482 denen

42 2497 94 2562 llllll
109 2513 259 2570 monuerat,
284 2503 354 2558 haud
373 2507 450 2558 licere
467 2507 516 2558 sibi
532 2514 571 2557 ”a
588 2505 669 2556 saeris
689 2503 792 2556 deviare
808 2503 980 2568 manatense,
1000 2501 1037 2552 ita
1054 2498 1213 2565 interpretati

43 2565 132 2637 luerint,
155 2581 184 2624 ut
202 2582 341 2640 putarent,
369 2592 399 2627 se
416 2575 499 2642 palliis
516 2574 629 2641 receptis
648 2572 715 2640 jugo
734 2570 897 2639 pontificialis
915 2570 1052 2638 potestatis
1070 2569 1136 2619 colia
1153 2568 1214 2618 sub·

42 2636 144 2692 uissmos
167 2655 232 2695 ense.
278 2643 321 2695 Ex
346 2641 397 2696 hoc
419 2645 500 2711 igitur
522 2649 640 2710 tempore
664 2639 805 2692 Zacharias
830 2640 913 2691 satim
937 2653 994 2690 esse
1018 2635 1108 2702 duxit,
1132 2635 1214 2686 licui-

42 2703 99 2768 Ῑῑΰῑῑι
122 2711 193 2776 cnjus
219 2713 293 2780 apud
319 2713 448 2780 principes
466 2712 557 2764 Gallias
579 2726 681 2762 ennena
701 2710 843 2762 auotoritas
858 2715 927 2773 erat,
954 2707 1074 2760 instituta
1094 2705 1214 2757 laudibus

41 2771 128 2852 ‘dmi
169 2797 224 2834 rem
254 2797 334 2847 quum
357 2781 427 2834 sedis
450 2798 505 2834 snae
529 2780 650 2832 ricarium
671 2796 729 2832 esse
754 2779 894 2842 atiimaret,
921 2793 1004 2842 neqve
1027 2776 1112 2841 ipsum
1137 2789 1214 2828 secus

40 2838 144 2898 ireno-
181 2851 288 2917 aberet,
314 2852 410 2904 sensim
428 2850 588 2905 Francorum
612 2850 711 2900 animos
736 2864 767 2900 ea
784 2846 877 2897 imbuit
897 2845 967 2895 aedis
986 2861 1040 2896 ensa
1057 2843 1214 2906 reuerentia,

41 2925 78 2975 qn
92 2917 156 2970 novit
175 2934 220 2971 eos
238 2919 369 2973 Bonisacii
386 2921 505 2973 instituta
543 2918 651 2983 roseqsi.
693 2916 781 2982 ltaque
796 2915 905 2982 Pipinns
924 2921 973 2966 ”err
990 2911 1129 2964 consultu’t
1146 2911 1213 2962 sacri

41 2979 118 3035 odinis
135 2995 160 3039 et
177 3003 317 3054 procerum
332 2990 406 3056 regni
424 2937 625 3040 suiZacbariaur
640 2987 674 3038 de
688 2987 776 3038 multis
792 2985 826 3036 ad
837 2999 891 3036 rem
908 2998 1008 3035 sacram
1025 2981 1213 3050 pertinentibus

40 3053 162 3116 mostra
186 3056 219 3109 ad
239 3073 299 3124 qrre
319 3055 362 3110 hie
386 3057 546 3124 respondens
566 3055 713 3110 cautissime
731 3055 793 3120 egit.
840 3053 944 3106 Etenim
963 3053 996 3104 de
1015 3051 1141 3117 plerisque
1162 3064 1214 3101 non

40 3132 96 3176 litu
112 3123 155 3176 sed
170 3128 337 3192 antiqaomrn
357 3143 484 3179 canonum
501 3125 657 3177 sententiam
678 3125 801 3191 protulit,
819 3123 910 3188 quibus
928 3138 973 3173 ecs
991 3120 1120 3172 lubentius
1139 3119 1214 3170 obae-

41 3195 200 3262 cttlnrosesse,
219 3211 329 3262 sperare
339 3197 434 3262 potuit.
452 3193 592 3246 Enimvero
604 3192 637 3245 dd
646 3207 693 3244 suo
704 3195 807 3258 ingenio
818 3190 962 3260 disputans,
978 3185 1143 3240 ’'mandatis’'
1159 3187 1214 3238 suis

41 3263 197 3316 sonoritatem
208 3265 351 3317 conciliare
363 3263 461 3330 studet,
477 3262 546 3329 qvod
561 3261 637 3314 ''oeo
645 3279 667 3312 s.
678 3261 762 3313 diviua
772 3263 856 3326 gratia
864 3261 1005 3327 inspirante
1013 3273 1034 3310 s.
1044 3257 1214 3320 suffragante,

41 3332 160 3389 monstra
168 3335 329 3386 auctoritate
340 3333 481 3386 decernere
490 3333 631 3400 potnerit”,
649 3347 731 3396 neqve
740 3329 810 3382 aliud
819 3337 889 3396 agat,
898 3343 974 3394 qnam
984 3336 1013 3379 ut
1023 3326 1214 3393 ”praedecesso-

41 3407 82 3448 ttn
90 3407 113 3452 et
121 3410 317 3455 autecessorum
327 3418 433 3455 snorum
448 3400 552 3453 decreta
567 3401 726 3451 corrhrmet”.
743 3399 794 3452 Ubi
805 3413 864 3450 aero
875 3413 940 3449 notro
951 3403 1083 3462 praecepto
1091 3400 1170 3460 retat,
1182 3409 1214 3444 ne

40 3465 80 3527 lib
93 3473 263 3538 ”spiritalem,
285 3470 311 3522 id
328 3481 368 3523 est
386 3477 554 3522 commatrem
568 3461 619 3520 aut'
629 3469 705 3519 filiam
718 3467 797 3518 drrcat
808 3473 940 3531 nrorem”,
958 3481 1037 3531 quum
1047 3463 1179 3515 latendum
1190 3463 1213 3514 ei

40 3533 76 3599 tlt,
89 3541 209 3592 neminem
224 3543 262 3592 ob
279 3539 305 3592 id
321 3549 420 3606 ”aeqve
430 3548 579 3592 sanctornm
589 3545 690 3604 patrum
707 3553 787 3603 neque
796 3543 944 3588 sanctarum
959 3533 1119 3598 synodorum
1132 3547 1215 3584 asser·

39 3601 108 3670 tinea,
126 3610 163 3660 vel
180 3611 263 3664 etiam
281 3611 307 3662 in
324 3610 499 3675 imperialibus
518 3608 619 3674 tegibus
635 3605 781 3670 judicatum
801 3613 886 3668 esse2‘,
904 3603 1059 3670 prudenter,
1078 3617 1110 3653 ne
1130 3601 1214 3652 dicam

39 3671 195 3750 inpudenter,
215 3679 328 3742 asserit,
354 3680 451 3732 lactum
474 3674 525 3728 hoc
547 3692 619 3740 esse,
649 3674 716 3741 qaod
733 3672 783 3726 hoc
802 3681 937 3740 peccatum
956 3671 1000 3722 ”in
1019 3677 1120 3736 tantum
1137 3685 1216 3736 grase

39 3745 76 3802 td,
90 3753 116 3796 nt
130 3750 244 3801 terribile
261 3747 389 3812 indicium
412 3748 458 3800 Dei
477 3751 621 3797 metuentes
639 3743 756 3796 siluerint
772 3744 925 3794 sententiam
945 3739 1034 3792 dare”.
1070 3739 1216 3802 Postremo,

39 3815 207 3938 suern
228 3817 328 3938 ses
343 3809 1216 3937 :lateamussummaer:sissimus

543 3901 550 3934 r
637 3899 651 3931 c
822 3897 826 3910 ¹
1086 3913 1095 3941 ,

39 3960 74 3998 nos
90 3967 171 4006 comm
187 3903 245 4008 heb
264 3954 296 4007 de
315 3902 493 4006 tacitumitate
508 3951 672 4018 judicemur,
696 3966 744 4000 nec
762 3965 807 4000 ros
826 3949 859 4000 de
877 3949 997 4016 neglectu
1018 3961 1104 3997 coram
1122 3961 1153 3996 eo
1173 3961 1215 3994 co·

38 4017 115 4077 gamini
132 4021 243 4077 reddere
272 4023 425 4075 rationem”.
466 4023 526 4073 Jam
545 4037 605 4073 vero
621 4035 700 4085 quum
728 4017 788 4069 talia
806 4017 917 4068 Romani
943 4017 1066 4067 antistitis
1090 4029 1214 4079 responsa

39 4083 57 4132 ia
69 4085 168 4144 Francia
183 4111 229 4160 per
239 4091 405 4144 Bonilacinm
415 4099 441 4144 et
452 4089 564 4155 Msjores
579 4088 673 4140 domus
687 4087 863 4151 sancirentur,
886 4087 979 4138 sensim
995 4083 1103 4136 invaluit
1117 4082 1213 4149 opinio,

38 4149 165 4213 1intotonat
188 4163 342 4230 pontificem
360 4160 394 4212 ds
414 4160 572 4225 gravissimis
589 4159 731 4224 qriisnsqve
748 4156 826 4208 rebus
841 4155 1026 4236 consulendum
1041 4169 1103 4234 esse.
1130 4155 1213 4234 ittam

37 4236 185 4364 issa
199 4230 301 4351 'iiiii
317 4225 1213 4365 {attint¹¹tl..⁰.¹‚¹¹¹‘¹2‘.‘tlt.l¹stertilittttslltt

36 4364 192 4433 romanens,
223 4383 351 4435 qvamqre
371 4363 421 4419 hoc
449 4367 578 4433 pontilicis
601 4367 627 4416 in
651 4363 725 4416 ltalia
749 4363 872 4430 potestati
895 4362 998 4414 salubre
1016 4360 1109 4424 luerit,
1135 4357 1212 4424 paulo

36 4436 261 4489 uternensem.
294 4439 328 4488 At
342 4436 450 4502 Pipino,
470 4450 517 4501 per
535 4432 584 4486 hoc
603 4447 755 4500 responsum
770 4428 909 4483 Childerici
927 4446 1011 4482 rerum
1031 4429 1129 4496 potito,
1145 4441 1212 4492 opus

36 4499 120 4562 mino
137 4515 208 4571 erat,
230 4514 262 4560 nt
277 4521 326 4568 ora
344 4504 455 4572 populns
473 4502 599 4555 didicerat
615 4502 703 4585 sedern
721 4499 890 4584 apostolicam
906 4500 1055 4552 Romanam
1069 4494 1212 4576 reverentia

37 4574 369 4696 essene
383 4565 1125 4703 natamussessessaronas,
1143 4579 1212 4699 ess

36 4703 131 4766 abtim
149 4713 279 4765 libertatis
294 4711 403 4762 Fraucre
420 4719 541 4774 tenaces,
557 4710 605 4776 ipsi
616 4706 792 4760 childericum
814 4707 883 4770 regis
903 4706 979 4757 titulo
995 4721 1026 4756 ac
1045 4717 1151 4756 munere
1166 4716 1213 4752 ex-

37 4775 123 4832 trabant.
161 4782 275 4848 Pipinus
301 4795 360 4832 vero
382 4780 476 4832 iterum
493 4781 638 4845 Stepanum
658 4777 697 4842 ll,
725 4791 805 4841 quum
829 4775 855 4824 in
876 4775 988 4826 Francia
1009 4773 1131 4832 esset.in
1153 4771 1212 4821 villa

36 4837 163 4914 carisiaco,
187 4851 221 4904 de
241 4851 330 4902 multis
345 4849 423 4900 rebus
439 4847 620 4900 ecclesiasticis
636 4845 766 4897 consuluit
783 4841 884 4908 (Hard.
902 4845 917 4896 l.
940 4861 963 4894 c.
981 4860 1007 4909 p.
1025 4845 1092 4894 toea
1109 4855 1182 4905 seqq.
1190 4841 1211 4905 ),

35 4914 100 4976 11,εἰ
117 4916 274 4986 Theophani
292 4915 443 4986 (chronogr.
463 4933 488 4983 p.
507 4920 574 4976 ³³8,
592 4913 633 4966 ed.
652 4914 747 4978 Paris.)
766 4912 831 4964 tides
846 4907 934 4963 haberi
954 4912 1049 4978 possit,
1070 4907 1211 4961 abeodem

35 4979 109 5094 idm*
131 4987 156 5039 in
176 4987 356 5041 childericum
375 4987 463 5038 insons
500 4985 668 5036 'renuntiatus
692 4990 740 5035 est.
783 4981 871 5046 imore
894 4981 1004 5033 antistiti
1023 4981 1142 5031 flammo
1167 4991 1212 5043 per

48 5063 73 5096 ⁰0
87 5069 165 5110 aarum
182 5074 234 5110 non
251 5057 354 5123 quidem
375 5002 556 5122 patriarcbelia
574 5054 600 5103 in
622 5052 733 5104 Francia
744 5049 805 5116 jura
822 5049 949 5101 uindicata
967 5057 1041 5120 snut,
1067 5056 1093 5100 at
1111 5063 1211 5100 summu

35 5115 159 5186 iontem
177 5126 332 5194 apostolicos
350 5124 496 5177 auctoritas
510 5129 667 5188 praeparatu
687 5128 733 5171 est.

1469 1335 1500 1396 o.
1522 1336 1553 1396 in
1575 1336 1732 1398 Britannia
1754 1336 1906 1416 attqsanto
1927 1335 2081 1396 restituta.

1347 1469 1488 1524 Britanniae
1506 1474 1596 1526 insula
1613 1477 1723 1530 ecelesia
1740 1475 1814 1526 scitis
1831 1455 1902 1528 tediis
1916 1475 2042 1528 &maure
2058 1490 2105 1541 per
2121 1470 2171 1524 hoc
2189 1488 2270 1524 aevum

1278 1538 1377 1600 minns,
1403 1557 1479 1606 mam
1498 1552 1573 1596 antea
1590 1544 1695 1597 addicta
1718 1551 1781 1596 erat.
1817 1543 1933 1597 Priorum
1952 1537 2057 1595 ''moris
2073 1545 2162 1596 erat¹²
2181 1541 2271 1593 Brito-

1277 1623 1340 1658 nnm
1360 1607 1436 1662 fidem
1459 1613 1660 1678 religionemque
1676 1614 1820 1678 Auglornm
1841 1630 1888 1682 pro
1907 1611 1987 1664 nihilo
2008 1611 2117 1678 habere,
2142 1627 2225 1677 neqve
2246 1613 2272 1662 iu

1278 1677 1362 1742 aliqso
1380 1680 1418 1730 eis
1436 1681 1519 1746 nangis
1543 1683 1733 1734 communicare
1751 1697 1824 1748 qvam
1847 1683 1987 1751 paganis'',
2008 1689 2037 1732 nt
2058 1681 2130 1734 Beda
2149 1679 2208 1800 Q,
2227 1683 2271 1742 20,

1277 1762 1302 1811 p.
1324 1745 1393 1811 158),
1412 1742 1490 1813 hujus
1506 1751 1632 1816 temporis
1648 1752 1774 1818 scriptor,
1791 1757 1902 1803 testatus
1920 1757 1968 1802 est.
2004 1749 2092 1815 ltaque
2107 1748 2133 1801 hi
2196 1763 2271 1800 mano

1276 1815 1385 1868 antistiti
1407 1813 1476 1870 haud
1498 1821 1630 1884 parebant.
1672 1821 1771 1872 lleiode
1800 1821 1848 1886 ipsi
1869 1820 2100 1886 Angla-Sasona
2123 1833 2175 1870 uon
2198 1823 2272 1870 tanto

1276 1883 1401 1934 &manae
1417 1883 1567 1939 hierarchiae
1585 1889 1673 1941 studio
1692 1889 1789 1940 incensi
1810 1896 1896 1948 erant,
1925 1895 1954 1940 nt
1973 1905 2023 1939 non
2047 1888 2073 1938 in
2092 1888 2172 1938 sacris
2192 1887 2272 1938 rebus

1277 1952 1382 2004 liberius
1397 1969 1475 2020 agere
1493 1973 1521 2008 se
1539 1973 1616 2024 posse
1634 1965 1778 2010 censerent.
1818 1958 1893 2010 Qvod
1913 1959 1935 2009 si
1951 1959 2020 2008 enirn
2036 1955 2138 2008 concilii
2157 1953 2272 2008 Pharan-

1275 2021 1312 2071 sis
1331 2021 1367 2088 (a.
1377 2024 1440 2088 664)
1459 2023 1564 2077 decreta
1579 2033 1720 2093 servantes,
1736 2025 1868 2078 Romnum
1887 2027 1951 2077 ritus
1968 2026 2089 2082 continue
2107 2021 2190 2075 secuti
2208 2023 2272 2076 lnls·

1276 2097 1345 2155 seut,
1360 2094 1497 2144 concilium
1508 2081 1723 2147 cloveshoviense
1738 2095 1778 2159 ll,
1796 2111 1819 2146 a.
1829 2095 1880 2147 741
1899 2092 1968 2145 hand
1986 2110 2048 2146 sane
2063 2093 2201 2157 sensisset,
2217 2092 2272 2144 cul·

1277 2165 1332 2210 tum
1352 2160 1483 2225 publicum
1500 2162 1536 2214 ad
1558 2165 1689 2228 exeusplar
1706 2165 1832 2216 &suanae
1854 2164 1972 2216 ecclesiae
1996 2164 2078 2214 ubivis
2097 2163 2212 2214 locorum
2233 2161 2270 2212 iu·

1276 2227 1437 2280 stituendnm
1462 2246 1533 2292 esse3
1561 2248 1591 2284 ec
1616 2234 1698 2284 multo
1719 2233 1803 2284 minus
1826 2231 1998 2284 decrevissete
2023 2231 2076 2282 ”ut
2098 2231 2271 2297 unnsquisque

1276 2296 1457 2364 episcoporum
1468 2335 1549 2353 .....
1569 2302 1705 2354 canonicas
1723 2298 1821 2353 Christi
1842 2303 1959 2353 ecclesie
1977 2301 2153 2352 institutiones
2168 2313 2270 2350 summo

1277 2368 1411 2417 conamine
1429 2375 1521 2420 eontra
1538 2369 1644 2421 diuersa
1660 2387 1694 2436 nc
1708 2388 1795 2438 prono
1810 2377 1971 2422 tentamenta
1981 2404 2059 2422 .....
2079 2366 2218 2420 defendere
2235 2368 2271 2418 sit

1277 2435 1438 2556 iiiiii}
1461 2436 1572 2574 tals
1597 2438 1720 2560 otili
1739 2438 2030 2574 ttldltlttlal'.
2045 2435 2271 2560 :tilbert

1440 2543 1448 2567 ι
1574 2542 1580 2554 ·
1712 2541 1731 2573 a
2084 2543 2093 2572 s

1276 2571 1411 2623 ecclesiam
1429 2590 1458 2625 se
1473 2576 1619 2626 ordinatum
1640 2593 1698 2627 curn
1715 2569 2093 2641 sacranmntoconstrinxisse,
2122 2581 2165 2638 nt,
2191 2573 2212 2625 si
2231 2591 2271 2626 sa·

1276 2639 1396 2692 cerdotea
1411 2643 1451 2694 vel
1471 2643 1559 2710 plebes
1577 2645 1666 2710 alege
1684 2646 1731 2696 Dei
1752 2644 1869 2697 deviasse
1884 2645 2009 2707 vidisset,
2024 2651 2051 2696 et
2070 2643 2200 2707 corrigere
2218 2659 2270 2694 non

1278 2710 1415 2774 potuisset,
1432 2709 1543 2765 fideliter
1560 2729 1663 2780 semper
1673 2714 1730 2766 sedi
1744 2714 1894 2780 apostolica
1910 2723 1936 2765 et
1951 2713 2045 2770 sicario
2060 2712 2089 2763 S.
2098 2711 2171 2763 Petri
2183 2725 2270 2764 eman·

1277 2775 1390 2830 dandum
1406 2779 1562 2846 indicaret”;
1578 2798 1629 2832 non
1647 2790 1732 2834 tamen
1749 2779 1816 2834 hanc
1833 2784 1953 2834 omnihus
1969 2780 2140 2846 metropolitis
2156 2796 2271 2831 commn-

1277 2861 1334 2897 nem
1352 2847 1435 2912 legem
1454 2866 1511 2902 esse
1530 2850 1678 2916 contendit,
1696 2851 1743 2903 sed
1759 2853 1860 2904 cautius
1877 2851 1955 2903 dicits
1971 2850 2029 2902 '’sie
2046 2849 2130 2914 euim,
2144 2847 2199 2900 aiei
2207 2848 2270 2915 Jul-

1273 2913 1331 2980 ior,
1349 2933 1439 2969 omnes
1455 2919 1570 2985 episcopi
1587 2919 1682 2972 dehent
1695 2921 1895 2988 metropolitano
1910 2929 1936 2972 et
1951 2921 2007 2985 ipse
2017 2919 2136 2970 Romano
2146 2919 2270 2986 pontifici,

1276 2985 1377 3050 siqrid
1393 2985 1427 3038 de
1450 2987 1609 3052 corrigendis
1633 2990 1736 3055 populis
1758 2987 1827 3056 apud
1844 3005 1889 3041 eos
1912 2991 1946 3040 im
1984 2987 2072 3040 esibile
2096 2992 2150 3051 est,
2179 2992 2270 3042 notum

1275 3053 1388 3108 taceret
1430 3054 1565 3108 Postremo
1585 3057 1791 3122 pretereundum
1811 3065 1936 3124 nonest,
1970 3073 2002 3108 oc
2019 3057 2105 3122 ipsum
2124 3055 2272 3120 concilium,

1275 3137 1308 3174 ex
1325 3125 1480 3176 anctoritate
1494 3124 1622 3178 Bonilacii
1646 3145 1661 3178 a
1681 3126 1815 3178 Cudberto
1838 3133 2043 3192 congregatum,
2069 3125 2130 3175 licet
2153 3115 2269 3188 singulos
2319 3179 2325 3194 ¹

1276 3192 1330 3243 iere
1348 3208 1474 3259 sassones,
1492 3210 1508 3244 e
1525 3193 1660 3248 &olfacio
1679 3197 1704 3247 ia
1719 3195 1880 3246 Germamds
1898 3192 2005 3260 synodis
2020 3191 2142 3255 sancitos,
2160 3192 2269 3257 repetie-

1276 3261 1324 3321 rit,
1351 3263 1454 3313 sllentio
1471 3271 1633 3316 tamencum
1653 3265 1837 3331 praesensisse,
1866 3265 1890 3314 in
1914 3279 1963 3328 qvo
1978 3260 2125 3326 ”sulsjectio
2143 3258 2269 3312 Romane

1276 3330 1414 3382 ecclesiae”
1433 3330 1494 3396 (vid.
1512 3349 1536 3399 p.
1557 3337 1600 3398 ³0,
1621 3335 1669 3384 col.
1688 3335 1717 3396 4)
1738 3332 1977 3400 precipiebaturu.
2080 3383 2086 3390 ,
2184 3333 2188 3346 ’

1347 3398 1443 3452 Verum
1455 3398 1511 3452 haec
1526 3400 1602 3452 aliter
1612 3398 1662 3454 hoc
1671 3409 1789 3467 tempore
1798 3402 1852 3452 lieri
1870 3401 1987 3467 potuisse
1997 3412 2047 3460 nou
2057 3395 2168 3450 videtur.
2186 3397 2265 3450 Nam-

1277 3467 1516 3532 qt·edinricentibns
1526 3471 1593 3524 inter
1601 3487 1629 3521 se
1639 3471 1744 3534 regibus
1752 3467 1829 3532 hnjns
1840 3470 1939 3534 insulse,
1948 3465 2106 3520 sssvusoswr
2115 3467 2199 3518 nullus
2210 3482 2268 3532 pro·

1278 3536 1335 3602 diit,
1345 3539 1395 3602 qri,
1404 3537 1513 3589 oss-teos
1522 3540 1624 3603 reliquis
1631 3539 1798 3605 principibus,
1806 3539 1986 3589 communibus
1995 3543 2076 3588 totam
2086 3537 2195 3588 insnlarn
2204 3535 2267 3601 legl-

1278 3605 1525 3674 busobstringeret5
1540 3609 1697 3660 efferbuerat
1709 3615 1796 3670 antem
1812 3608 1894 3674 pietas
1911 3608 1955 3657 illa
1976 3606 2121 3658 inconsulta
2134 3621 2268 3672 mansore

1278 3675 1388 3727 Romam
1407 3677 1577 3727 transferendi
1589 3679 1627 3725 ¹⁴.
1672 3675 1725 3743 lpsi
1745 3691 1804 3726 vero
1825 3671 2012 3742 archiepiscopi
2035 3675 2160 3740 exemplis
2179 3670 2268 3725 Theo-

1276 3745 1296 3794 ri
1315 3751 1342 3796 et
1358 3743 1468 3796 Willridi
1488 3745 1550 3810 (rid.
1568 3761 1627 3812 pag.
1645 3745 1759 3808 lo-ll)
1773 3746 1873 3801 experti
1894 3746 2012 3804 inerant,
2036 3759 2111 3806 qvam
2129 3759 2184 3794 suae
2203 3757 2266 3796 aar·

1277 3813 1375 3864 toritati
1401 3815 1618 3881 perniciocissima
1643 3813 1753 3864 Romani
1776 3811 1927 3879 patriarchae
1950 3812 2049 3875 judicia
2070 3827 2128 3862 esse
2152 3819 2265 3876 possent.

1276 3882 1363 3933 Scede
1377 3891 1409 3934 'et
1425 3883 1585 3949 britonibus,
1599 3882 1724 3933 Romanis
1744 3883 1835 3932 ritibus
1852 3881 2033 3944 infestissimis,
2053 3879 2266 3944 Angla-Saxones
2362 3941 2364 3944 Ι

1277 3951 1408 4014 magistris
1427 3953 1581 4012 ntebsutor3
1599 3957 1625 4002 et
1641 3967 1701 4002 vero
1717 3951 1799 4002 simile
1815 3957 1864 4016 cst,
1880 3951 1950 4015 ipsos
1962 3947 2181 4014 hugloSaxones,
2197 3945 2266 4014 qrod

1278 4035 1324 4086 per
1342 4017 1510 4072 Theodorum
1528 4027 1555 4071 et
1571 4019 1732 4070 Hadrianum
1749 4017 1887 4070 liberaliter
1903 4017 2014 4069 instituti
2031 4022 2127 4080 esseut,
2145 4020 2265 4067 constan·

1277 4095 1329 4140 tem
1347 4089 1433 4140 cultos
1450 4089 1546 4156 publici
1564 4089 1671 4140 iormam
1687 4095 1715 4140 et
1729 4089 1902 4151 rationem,·n
1918 4103 1967 4152 qva
1983 4101 2016 4138 ne
2034 4099 2144 4150 unguem
2163 4082 2265 4150 qvidem

1276 4163 1449 4226 transversum
1466 4157 1701 4221 recedere'liceret,
1721 4157 1831 4222 intqvtss
1850 4156 1949 4208 tulisse.
1983 4153 2081 4205 Saltem
2099 4153 2177 4204 rerba
2192 4170 2214 4205 c.
2233 4157 2266 4204 12

1276 4225 1325 4284 'fut
1346 4227 1503 4292 presbyteri,
1523 4226 1685 4277 saecrdarinm
1708 4235 1840 4292 poetarum
1860 4239 1930 4276 more
1949 4239 1999 4274 nou
2018 4221 2148 4288 garriant,
2166 4235 2199 4274 ne
2215 4226 2266 4274 tre-

1275 4295 1335 4360 gico
1348 4311 1414 4346 sono
1431 4310 1562 4346 sacrorum
1580 4295 1715 4347 verborum
1732 4295 1945 4360 compositionem
1957 4309 1988 4344 ac
2002 4291 2195 4354 distinctionem
2208 4308 2265 4344 cor·

1275 4372 1397 4430 rumpant
1413 4365 1452 4416 rel
1469 4363 1643 4425 confundant,
1660 4361 1706 4416 sed
1725 4363 1867 4428 simplicem
1886 4367 2050 4425 sanctamque
2068 4359 2205 4412 melodiam
2224 4361 2264 4425 (os

1275 4433 1346 4482 vacis
1361 4431 1576 4497 modulationem)
1592 4432 1734 4486 secondum
1751 4447 1849 4484 mamm
1866 4429 1983 4482 ecclesiae
2003 4435 2163 4496 sectantum,
2182 4426 2266 4483 hond·

1275 4502 1468 4566 nes'relerunt,
1488 4502 1539 4567 qvi,
1555 4504 1671 4554 musicen
1689 4498 1785 4562 edocti,
1807 4515 1853 4564 pro
1871 4515 1919 4550 suo
1939 4499 2044 4566 qrisqre
2058 4497 2177 4564 ingenio,
2193 4498 2265 4550 litur-

1275 4568 1348 4635 gicaa
1365 4571 1488 4623 formulae
1507 4571 1673 4637 pronuntiare
1695 4569 1821 4621 solebant.
1866 4568 1934 4621 Qvid
1958 4568 2038 4629 igitur
2062 4567 2187 4632 impedit,
2214 4581 2264 4632 qvo

1276 4639 1361 4691 minus
1376 4637 1531 4706 credamne,
1552 4656 1598 4693 eos
1621 4641 1646 4691 io
1662 4639 1719 4692 aliis
1738 4653 1836 4704 qvoqve
1852 4639 1929 4690 rebus
1948 4637 2052 4688 liberius
2067 4636 2117 4688 sibi
2134 4634 2265 4700 agendum

1275 4723 1333 4760 esee
1349 4709 1488 4780 putavisse.
1524 4707 1591 4760 Utut
1610 4721 1670 4760 vero
1688 4724 1729 4759 res
1746 4703 1877 4772 sehabet,
1896 4713 1995 4756 certum
2016 4713 2065 4770 est,
2089 4706 2185 4756 multos
2201 4704 2263 4756 libe·

1275 4777 1329 4828 rins
1353 4779 1456 4842 egisse,
1483 4777 1646 4829 Cndbertnm
1669 4781 1759 4828 auten
1785 4773 1890 4827 hortatu
1906 4774 2033 4826 Bonilacii
2057 4789 2080 4824 ιι.
2103 4776 2155 4824 647
2174 4772 2262 4839 preci-

1277 4845 1398 4911 piendnm
1420 4848 1557 4914 curarisse,
1577 4853 1607 4897 nt
1624 4842 1705 4896 ”nihil
1720 4851 1765 4895 aut
1785 4851 1917 4896 cantarent
1933 4849 1978 4894 aut
1994 4842 2118 4906 legerent,
2135 4839 2202 4907 qvod
2212 4856 2262 4892 non

1275 4913 1402 4968 Romame
1426 4914 1542 4967 emissio
1565 4913 1722 4967 eouwetudo
1744 4913 1922 4977 permitteret”
1947 4914 1982 4970 (c.
2008 4913 2061 4974 15).
2102 4909 2190 4975 ltaque
2210 4909 2264 4961 ns-

1274 5001 1360 5036 mense
1387 4983 1457 5035 sedis
1479 4983 1626 5038 auctoritas
1649 4983 1677 5034 in
1705 4981 1848 5036 Britannis
1864 4998 1913 5050 per
1938 4978 2107 5044 Borrifncr‘ran
2129 4978 2265 5048 aliquanto

1274 5054 1397 5107 restituto
1415 5058 1461 5104 eet.
