5002 6366
513 640 533 698 l.

262 733 386 792 Monachi
397 736 474 792 etiam
486 753 531 805 per
540 734 591 790 hoc
600 752 683 790 mrum
692 733 717 788 iu
728 751 823 803 magno

223 803 323 862 honore
335 807 510 874 habebantur,
530 809 607 873 idque
622 823 673 859 non
683 807 739 858 siue
751 805 824 871 justa

224 881 332 932 ratione.
369 878 484 942 Namque
510 874 562 930 lroc
582 885 700 943 tempore
722 891 824 927 summa

223 955 280 1002 erst
306 962 369 1000 cura
394 963 560 1014 summusque
585 946 657 998 labor
682 961 773 998 eorum
796 945 823 996 ia

222 1017 349 1084 religione
358 1017 498 1084 gentilibus
514 1015 617 1084 populis
631 1014 756 1067 tradenda
771 1013 824 1065 col·

135 1143 142 1152 ,
224 1087 327 1141 locatus
345 1086 410 1149 (uid.
428 1105 451 1154 p.
471 1086 526 1151 80).
562 1084 644 1138 lidcm
661 1099 747 1152 porro,
765 1099 823 1136 coe·

222 1159 301 1212 uobis
324 1173 372 1210 ans
395 1158 422 1210 iu
447 1158 559 1210 rudibus
583 1154 739 1220 incultisque
759 1153 824 1205 locis

223 1225 398 1294 condentem,
413 1225 447 1280 de
463 1227 542 1292 sylvis
558 1223 712 1278 effodiendis
728 1224 761 1287 (s.
778 1237 824 1274 cx·

224 1295 387 1360 codieandis)
403 1304 430 1349 et
445 1295 515 1362 agris
530 1293 646 1348 colendis
661 1295 726 1346 bene
741 1307 824 1356 mere·

223 1367 327 1419 bantur.
369 1365 519 1433 Quanquam
538 1363 626 1431 negari
649 1363 752 1429 nequit,
779 1374 823 1413 eu·

223 1437 401 1506 perstitiosom
426 1436 616 1489 uenerationem
646 1433 823 1498 reliquiarum,

224 1506 317 1572 quibua
334 1512 387 1558 tam
403 1521 468 1558 noua
484 1520 559 1571 quam
575 1505 679 1570 antiqua
695 1508 824 1554 monaste-

224 1575 264 1627 ria
283 1575 491 1641 instruebantur,
519 1574 628 1626 multum
653 1567 693 1623 his
718 1569 831 1622 honoris·

132 1645 133 1648 ’
224 1650 303 1711 atque
320 1643 444 1696 claritatis
463 1641 665 1709 comparaulsec3
691 1637 765 1704 cujnu
785 1639 823 1692 rcl

224 1713 329 1780 insigne
349 1712 497 1780 exemplum
516 1709 746 1764 Lacresbamensls
768 1723 825 1762 mo·

224 1784 330 1839 casterii
348 1780 457 1836 historia
471 1779 610 1836 exhibent

259 1885 319 1940 Quo
333 1886 532 1950 msjoriaautem
545 1885 658 1954 popolus
666 1879 825 1936 christianus

226 1957 305 2010 uitam
314 1957 482 2009 monasticam
494 1956 616 2021 faciebat,
633 1967 665 2007 eo
680 1953 754 2020 plura
769 1968 825 2004 mo·

224 2025 338 2080 casteria
352 2025 436 2090 indies
454 2023 648 2089 condebantur,
672 2029 700 2075 et
722 2039 752 2075 ea
770 2021 825 2088 qui·

225 2093 285 2148 dom
306 2101 360 2147 tam
383 2097 415 2148 ab
433 2095 564 2164 episcopis
585 2106 661 2160 quam
684 2109 700 2144 a
719 2091 824 2159 priuatis

225 2161 382 2218 bominibus.
410 2165 561 2218 Bouilsciue
572 2169 684 2231 quatum
694 2167 825 2214 morasm-

225 2235 264 2287 ria
279 2234 489 2304 condebattuid.
513 2250 574 2302 pag.
595 2231 657 2300 ³0),
680 2232 749 2286 iuter
768 2245 825 2296 quse

214 2301 358 2356 fuldense
378 2303 493 2358 omnium
515 2301 708 2355 celeberrimum
726 2300 825 2353 iactum

225 2381 276 2428 cul.
302 2371 420 2438 Lulllus,
436 2372 579 2440 discipulus
589 2371 717 2424 Boniiacil
728 2377 755 2422 et
783 2376 825 2420 ost

225 2457 290 2498 eum
307 2439 519 2512 archiepiscopus
534 2442 721 2508 Moqantisus,
772 2454 827 2492 ers·

225 2511 351 2567 seldensis
365 2513 514 2566 monasterii
532 2512 652 2564 conditor
666 2517 730 2564 erat.
757 2509 826 2560 Pon·

227 2581 326 2635 tldcnm
345 2581 523 2634 Romanorum
547 2581 635 2650 plures
658 2581 698 2634 uel
722 2580 826 2646 antiqua

226 2653 352 2706 ecsoobia
360 2658 547 2718 restaurarunt,
560 2651 598 2704 uel
612 2665 678 2704 noun
689 2655 827 2702 exstruxe-

227 2728 289 2774 runt
306 2721 371 2788 (uid.
405 2735 448 2787 ag.
463 2725 520 2786 2⁸).
553 2720 671 2785 cancor,
688 2733 785 2784 eomes,
802 2733 826 2769 a.

226 2793 280 2844 roe
295 2739 517 2863 Laurmffiamenm
537 2790 722 2844 monasterium
739 2787 827 2840 cnudi.-

227 2855 277 2912 dit.
315 2859 466 2926 Pirminins,
486 2859 717 2912 iutertilemenuos
734 2856 828 2925 praedi.-

229 2941 290 2981 csac
296 2963 307 2989 ,
316 2925 373 2986 ,bos
384 2929 461 2981 simul
470 2927 615 2994 admonuit,
630 2936 659 2981 nt
672 2927 827 2980 monasteria

228 3003 413 3058 ustrumuata
428 2998 499 3051 unde
511 3013 622 3064 mamus
631 2995 723 3050 luorum
738 3009 827 3048 nume·

228 3079 276 3122 rue
289 3065 323 3124 cd
338 3067 413 3119 illum
427 3077 562 3124 auctorem
577 3067 665 3122 reierri
681 3067 756 3120 sciet.

268 3169 358 3238 Neque
375 3175 461 3225 tamea
478 3187 523 3239 eo,
552 3177 717 3238 quoautea,
738 3167 827 3222 studio

229 3255 305 3308 repes
320 3247 397 3306 atque
412 3241 540 3309 principes
561 3245 586 3294 in
604 3241 760 3297 monasteria
777 3239 828 3307 ipsi

229 3317 401 3364 secesserunt.
416 3309 623 3380 Unumquodque
631 3307 742 3377 regnum
750 3324 828 3364 suurn

273 3378 333 3432 dem
350 3379 443 3433 auersa
467 3386 554 3449 potest
577 3379 734 3448 exemplum.
775 3375 828 3428 Ra-

229 3448 300 3516 cls,
324 3463 371 3502 rex
392 3447 641 3516 Longobardorum,
665 3465 688 3500 a.
704 3451 757 3499 749
778 3447 828 3498 Za·

229 3513 325 3570 charin
345 3524 439 3583 rogatu
461 3517 633 3572 claustrorum
655 3518 738 3571 otium
760 3531 828 3637 pusc-

229 3585 291 3638 sluit
309 3585 347 3653 (p.
362 3585 418 3651 2⁰).
450 3584 613 3653 Eadbertna,
632 3601 679 3639 rex
700 3585 765 3638 Nort
785 3601 829 3636 an·

229 3651 416 3720 hymbrorum,
431 3662 492 3722 post
507 3654 622 3722 regimen
631 3653 828 3708 XXIannornm

230 3723 264 3777 ab
285 3722 418 3791 prerto,
442 3724 523 3777 tratre
546 3723 690 3791 eodemque
714 3720 829 3791 archiep.

229 3791 353 3860 Eborac,
370 3809 394 3846 a.
412 3797 465 3846 758
482 3801 573 3848 tonsus
590 3800 639 3848 est.
681 3793 830 3860 carloman·

230 3877 295 3927 uua,
319 3859 399 3915 irater
415 3863 502 3930 Pipini
522 3879 547 3916 a.
562 3867 613 3916 747
630 3865 655 3916 ln
675 3863 828 3916 coenobium

226 3931 330 3985 'Montis
348 3932 456 3986 Casaioo
474 3933 597 3998 secessit,
617 3941 644 3986 et
666 3929 829 3984 childericus

229 4000 268 4056 111
282 4017 307 4054 a
322 4005 375 4054 764
392 4002 418 4054 io
434 4004 619 4057 monasterium
634 4001 762 4072 quoddam
785 4002 830 4055 da·

231 4075 320 4124 trusum
330 4078 379 4125 eat.
405 4071 630 4128 Quemadmodum
646 4069 829 4128 uerohiccon-

230 4146 272 4193 trs
292 4141 450 4195 uoluntatem
467 4159 541 4196 snam
557 4151 648 4196 tonsus
664 4149 719 4208 est,
743 4143 779 4194 ita
796 4143 829 4194 si-

230 4207 294 4262 mile
302 4209 363 4273 quid
372 4209 406 4262 de
415 4209 587 4265 carlomanno
598 4212 724 4281 suspicari
736 4211 797 4263 licet
806 4213 828 4262 ⁴.

231 4277 273 4334 lis
286 4275 419 4346 Radbertq
435 4282 533 4334 moolli
548 4279 617 4334 lderrr
635 4280 760 4346 tradrmt,
776 4280 829 4348 alii,

231 4347 390 4400 contrarium
405 4349 579 4417 affirmantes,
594 4350 658 4404 illud
673 4357 759 4404 tamen
779 4349 830 4417 ipsi

231 4416 365 4484 probabile
375 4415 488 4471 reddunt
498 4423 520 4474 ⁶.
547 4416 764 4486 Rachiadenique
778 4434 830 4471 non

231 4485 344 4554 proprias
355 4485 485 4540 uoluntati
501 4487 548 4543 aed
563 4501 711 4544 sermonum
727 4484 829 4540 Zacha-

231 4555 279 4610 sta
294 4556 414 4610 suauitati
436 4560 546 4616 cessim
566 4558 677 4623 uidetur,
704 4555 829 4622 siquidem

231 4621 505 4692 commutantium
525 4628 589 4684 iacti
615 4627 744 4696 poenituit
764 4625 829 4688 (uid.

230 4699 287 4750 not
302 4695 337 4750 44
351 4693 386 4748 ad
428 4697 516 4764 Ι719).
561 4697 640 4752 Solus
662 4695 831 4763 Ceoiurulius,

204 4761 374 4818 mennam
444 4799 445 4802 =
490 4780 594 4834 rorum,
616 4765 695 4820 libero
712 4781 742 4820 se
758 4765 831 4831 regia

231 4841 365 4960 ffiemtm
377 4852 401 4888 a.
413 4839 466 4890 737
479 4837 622 4903 abdicarit,
640 4843 670 4891 ut
686 4831 831 4891 monachus

1617 397 1852 487 Quis
1940 411 2236 470 esset
2320 411 2459 470 sta

1973 568 2013 647 g)
2057 535 2302 636 rationo
2343 565 2460 626 uite

1407 687 1410 696 .
1681 648 1700 701 l.

954 734 1131 804 Monaateria,
1148 733 1199 793 boc
1215 756 1270 794 aeuo
1286 739 1405 812 condita,
1421 711 1500 810 lsrgis
1518 647 1678 798 muneribusl
1690 737 1800 809 praedita
1813 741 1913 802 nuntia
1928 735 1998 806 quod
2020 753 2083 792 varo
2095 739 2181 814 ipsum
2197 739 2321 793 molestas
2341 755 2461 808 prcccnru

884 829 987 898 rapinas
1004 831 1137 898 gignebat.
1171 834 1211 888 lta
1226 834 1377 888 Boniiacius
1403 835 1429 888 lu
1449 836 1560 903 epistula
1576 834 1609 888 ad
1628 833 1791 886 undbenom
1809 831 1843 885 de
1860 847 1893 885 eo
1910 837 2068 898 conquestus
2085 838 2139 898 est,
2165 829 2234 898 quod
2252 829 2334 886 ”laici
2351 829 2462 900 homines,

866 911 868 918 ’
885 921 1068 990 imperatorer,
1087 941 1177 992 reges,
1192 927 1358 994 praeioctorea
1374 934 1401 980 et
1422 929 1531 982 comites
1549 926 1599 980 sibi
1613 942 1659 996 per
1674 925 1821 997 uiolentiam
1836 929 1944 992 rapere”
1965 921 2084 978 solebant
2098 924 2265 990 monasteria,
2281 933 2297 958 ’t
2305 931 2335 977 ut
2343 925 2462 992 pecuniam

887 1013 1063 1083 possiderent,
1087 1032 1144 1084 quae
1164 1017 1215 1070 luit
1237 1019 1360 1088 sacunino
1379 1015 1478 1080 Christi
1495 1024 1671 1087 comparata”,
1695 1024 1724 1072 at
1744 1016 1837 1070 concil.
1854 1011 2031 1083 curceium,
2050 1032 2066 1069 a
2084 1016 2218 1070 Cudbertc
2235 1035 2259 1071 a.
2275 1020 2327 1069 747
2348 1023 2463 1084 coactum,

890 1105 974 1173 palam
991 1103 1070 1175 dicit,
1097 1111 1279 1162 ”monasteria
1291 1117 1399 1180 propter
1418 1112 1471 1164 uim
1488 1108 1615 1178 quendam
1637 1109 1779 1178 tyrannicae
1800 1107 1914 1160 auaritiae
1933 1123 1949 1160 s
1968 1109 2129 1162 secularibus
2150 1107 2270 1161 humanae
2290 1107 2463 1164 adinventionis

885 1200 1087 1266 praesumptione
1105 1202 1214 1255 teneri’t
1264 1203 1356 1256 Simila
1370 1201 1431 1272 quid
1450 1205 1527 1256 etiam
1547 1203 1659 1254 interra
1678 1200 1820 1254 continenti
1840 1201 1939 1253 iactum
1963 1206 2006 1253 est
2026 1201 2270 1267 (uispillonum.
2288 1199 2330 1254 ad.
2347 1199 2463 1254 P.1act.

884 1287 1003 1342 sanctor.
1020 1291 1084 1344 Ord.
1101 1292 1200 1346 Beoed.
1220 1295 1291 1350 Sect.
1309 1299 1342 1360 3,
1369 1299 1489 1363 n.111);
1515 1310 1591 1366 quatu
1611 1294 1646 1346 ob
1664 1307 1768 1344 canaam
1786 1290 1903 1358 synodus
1921 1289 2061 1344 vernensis
2082 1309 2106 1346 ι
2124 1297 2176 1345 755
2196 1291 2393 1362 prudentissime
2409 1307 2460 1344 con·

884 1378 985 1446 stituit,
1003 1388 1047 1448 ut,
1066 1377 1116 1437 hoc
1134 1386 1157 1437 si
1174 1386 1262 1462 lieret,
1277 1384 1413 1442 monachia
1430 1373 1519 1442 liceret
1537 1383 1589 1440 ”de
1604 1387 1663 1454 ipso
1679 1384 1836 1440 monasterio
1852 1384 1879 1438 ia
1894 1381 2006 1436 alterum
2020 1384 2166 1454 migrare”;
2184 1401 2234 1452 quo
2248 1385 2320 1439 tecto
2336 1383 2390 1438 iaici
2404 1383 2462 1438 nulia

885 1467 917 1523 de
936 1469 1004 1522 lama
1025 1473 1083 1527 talis
1100 1479 1251 1530 monasterii
1270 1479 1371 1534 lucrum
1388 1480 1502 1548 amplius
1517 1479 1604 1532 licere
1621 1484 1738 1546 possent.

954 1562 1042 1631 Neque
1056 1566 1104 1618 soli
1123 1567 1179 1620 laici
1196 1572 1339 1626 coenobitis
1350 1573 1457 1626 molesti
1472 1579 1552 1626 erant.
1583 1571 1636 1641 lpsl
1647 1568 1773 1638 episcopi,
1787 1565 2065 1635 haudsecusstqucin
2075 1568 2162 1623 seculo
2172 1567 2295 1636 septimo,
2310 1567 2458 1620 monasteriis

885 1654 979 1708 multas
996 1642 1106 1722 iniurias
1124 1660 1277 1716 inserebant.
1318 1666 1377 1718 Quo
1395 1665 1507 1733 primum
1528 1663 1654 1732 pertinet,
1679 1661 1747 1730 quod
1764 1657 1791 1713 hi
1810 1667 1900 1713 contra
1920 1661 2035 1727 regulam
2055 1659 2191 1712 Benedicti
2207 1661 2315 1713 abbates
2331 1661 2459 1712 constitue·

884 1750 963 1812 bant;
979 1750 1048 1818 quod
1070 1751 1130 1804 inde
1147 1754 1256 1808 fumasse
1272 1763 1358 1808 ortum
1374 1763 1429 1824 est,
1445 1755 1513 1823 quod
1528 1756 1680 1809 Boniiaclus
1695 1751 1777 1820 nouis,
1796 1766 1859 1821 quoe
1875 1749 2019 1819 condebut,
2035 1753 2197 1805 monasteriis
2214 1753 2322 1805 abbates
2337 1751 2390 1821 ipse
2404 1767 2458 1818 pre·

885 1841 958 1896 l'eclt.
999 1842 1100 1896 Deinde
1117 1845 1217 1898 abbatie
1233 1861 1328 1902 munus
1345 1849 1394 1902 a'ibi
1412 1825 1507 1918 passim
1528 1827 1694 1900 vindicabant
1703 1848 1727 1913 ⁸,
1754 1843 1823 1914 quod
1841 1841 1944 1910 quidem
1964 1843 2105 1898 Planclsius
2126 1844 2156 1910 (l.
2171 1862 2195 1898 c.
2214 1862 2241 1914 p.
2255 1823 2325 1912 dm,
2355 1851 2406 1898 not.
2423 1843 2461 1910 12]

885 1929 947 1986 lnde
965 1934 1137 2002 repetendum
1152 1953 1211 1990 esec
1230 1946 1333 2006 censet,
1352 1940 1421 2008 quod
1437 1939 1549 2012 plerique
1566 1938 1682 2007 epiceopi
1698 1953 1732 1990 es
1750 1937 1889 1990 abbatibus
1903 1934 1971 1988 anmi
1989 1934 2112 1990 solerent.

907 2089 910 2096 ¹
953 2025 1012 2078 iam
1028 2015 1109 2094 igitur
1124 2025 1252 2097 monachi,
1269 2038 1298 2084 ut
1315 2031 1442 2098 ejusmodi
1452 2030 1558 2096 iujurias
1567 2031 1690 2084 laicorum
1700 2030 1932 2098 episcoporumque
1946 2034 2075 2094 arcerent,
2089 2025 2123 2080 sd
2138 2015 2232 2094 sequias
2248 2024 2327 2080 iidem
2345 2023 2462 2089 molegic-

887 2115 964 2180 baut3
989 2135 1045 2185 quae
1062 2125 1103 2172 est
1118 2122 1193 2189 origo
1208 2123 1425 2176 monasteriorum
1442 2122 1583 2193 regalium.
1632 2121 1796 2176 Definiuntur
1815 2117 1918 2173 necea
1932 2103 1997 2176 es'ae
2007 2121 2177 2186 monasteria,
2197 2135 2254 2187 qma
2269 2115 2320 2172 ”ad
2342 2114 2459 2168 mundium

887 2205 936 2274 (or
962 2210 1083 2278 tutelam,
1114 2214 1292 2280 patrocinum,
1316 2215 1512 2280 defensionem)
1527 2215 1614 2284 palatii
1630 2213 1810 2283 pertinebaut”
1826 2211 1865 2266 uel
1881 2202 2107 2278 ”adjucccginm
2127 2210 2323 2278 pertinebsut”,
2349 2207 2388 2260 uel
2401 2215 2461 2274 ”qua

887 2308 961 2352 erant
973 2301 1040 2370 juris
1055 2304 1148 2372 regii’,
1166 2306 1205 2359 uel
1223 2314 1296 2374 ”quaa
1314 2303 1461 2376 pendebant
1484 2307 1518 2362 de
1534 2323 1611 2361 maun
1629 2308 1718 2374 regian
1735 2303 1806 2371 (uid.
1823 2304 1866 2358 Du
1881 2299 1991 2370 change
2008 2303 2025 2357 l.
2051 2319 2075 2356 c.
2093 2301 2171 2356 Tem.
2187 2299 2233 2366 lV,
2262 2317 2289 2368 p.
2306 2303 2358 2352 889
2379 2297 2462 2362 senui·

888 2390 962 2445 'l'slia
979 2410 1039 2447 uero
1059 2398 1212 2460 monasteris
1229 2398 1261 2450 ab
1277 2401 1346 2454 omni
1360 2399 1545 2465 iurisdictione
1562 2398 1744 2468 episcoporum
1766 2403 1871 2451 exemia
1885 2402 1974 2461 erant,
1990 2400 2021 2448 ut
2035 2395 2123 2446 Abbas
2139 2392 2178 2446 uei
2192 2393 2331 2444 Abbatisss
2346 2387 2378 2442 ad
2393 2389 2461 2442 solum

887 2499 977 2552 regem
996 2485 1110 2540 ”inceret
1126 2489 1256 2544 rationes'’
1272 2489 1377 2561 (synod.
1397 2491 1521 2546 Va'menn
1538 2507 1561 2544 c
1576 2490 1632 2554 20).
1668 2487 1802 2542 Interdum
1819 2495 1907 2543 mnan
1927 2481 2045 2556 episcopi
2062 2485 2120 2554 ipss
2136 2484 2275 2554 priuilegia
2291 2483 2386 2552 regalia
2401 2479 2461 2533 led*

888 2577 966 2646 bant,
980 2592 1063 2644 neque
1078 2579 1128 2632 nisl
1146 2587 1217 2634 certa
1236 2583 1410 2650 pecunia-sibi
1425 2583 1512 2638 soluta
1529 2580 1562 2636 ab
1580 2581 1681 2649 injuriis
1699 2579 1892 2634 desistebant’.
2307 2583 2313 2592 '
2376 2575 2381 2584 '

955 2665 1055 2723 Prreter
1074 2667 1125 2723 hoc
1140 2681 1283 2741 armatum,
1302 2675 1326 2730 ai
1344 2675 1381 2728 ita
1398 2674 1485 2732 dicere
1503 2677 1593 2738 deest,
1614 2675 1829 2727 monasteriorum
1850 2669 2021 2742 patrocinium
2042 2684 2118 2740 napea
2136 2684 2236 2738 quoque
2252 2666 2310 2721 aliie
2328 2663 2457 2720 nominibus

887 2761 1069 2814 coenobiorum
1088 2765 1178 2816 usibus
1196 2767 1397 2835 prospiciebant.
1444 2769 1505 2821 Huc
1522 2765 1637 2836 pertinet
1652 2765 1794 2832 capitulum
1812 2761 1907 2830 syoodl
1928 2760 2067 2816 Veruensis
2084 2765 2117 2827 6,
2134 2758 2203 2827 quod
2222 2759 2358 2828 praecipit,
2375 2765 2415 2823 nt,
2430 2755 2460 2808 ”sl

886 2851 969 2918 aliqua
985 2857 1141 2908 monasteria
1158 2864 1232 2925 suut,
1251 2873 1307 2925 quse
1323 2873 1411 2912 earum
1429 2855 1597 2924 (nonnarum)
1618 2855 1734 2910 ordinem
1751 2861 1858 2926 propter
1873 2861 2051 2924 paupertatem
2068 2851 2210 2920 adimplere
2226 2867 2279 2904 non
2293 2855 2406 2918 possunt,
2421 2844 2459 2898 hoc

887 2941 930 2996 ille
946 2945 1084 3014 episcopua
1102 2947 1135 3001 de
1150 2951 1259 3004 ueritate
1277 2949 1432 3019 praevideat,
1446 2957 1475 3004 et
1491 2947 1543 3004 hoc
1561 2949 1661 3010 domno,
1673 2947 1747 3016 Regi
1757 2947 1904 3002 innotescat
1918 2947 1964 3015 (se
1980 2941 2146 3012 aununtiet),
2163 2951 2193 2995 ut
2208 2943 2236 2996 iu
2255 2960 2305 2998 suu
2322 2943 2460 3009 elecmmpuu

888 3030 939 3088 hoc
956 3037 1095 3092 emendsre
1115 3040 1221 3094 iaciat”.

957 3127 1096 3184 contrata
1114 3131 1248 3187 Britannia
1265 3151 1341 3202 reges
1359 3129 1492 3188 monacbis
1510 3133 1685 3212 molestissimi
1705 3137 1787 3186 erant.
1834 3131 1951 3200 Namque
1970 3143 2004 3184 cx
2027 3127 2111 3184 uerbis
2127 3127 2273 3181 Bnnifsclls
2296 3127 2348 3181 ”de
2364 3127 2458 3178 uolenu

887 3217 1072 3274 monachorum
1091 3225 1241 3292 seruitute,
1260 3227 1384 3294 operibus
1401 3233 1428 3281 et
1447 3224 1564 3280 reditio-iis
1585 3225 1735 3293 regalibus„
1757 3241 1813 3292 qum
1831 3225 1857 3278 in
1872 3230 1930 3277 tato
1945 3221 2044 3276 mundo
2063 3221 2191 3276 chooruru
2209 3237 2263 3276 nou
2281 3217 2384 3278 auditur
2399 3217 2460 3280 iactr,

888 3312 936 3363 nisi
954 3319 1053 3365 tantum
1070 3313 1095 3366 in
1114 3325 1192 3381 gente
1210 3319 1371 3386 duplorum*
1388 3319 1482 3386 (wilk.
1501 3333 1574 3371 conc.
1594 3317 1693 3370 Britan.
1713 3334 1737 3385 p.
1755 3319 1825 3384 0³),
1851 3314 1889 3368 illi
1905 3312 2025 3368 uidentur
2044 3315 2154 3370 miseros
2171 3309 2319 3367 monachos
2332 3310 2462 3365 adlabores

888 3403 993 3457 serviles
1008 3406 1188 3476 suscipiendos
1206 3411 1332 3478 coegisse.
1734 3408 1740 3422 ‘

957 3495 1094 3564 Reliquum
1110 3507 1164 3562 eut,
1189 3507 1218 3554 ut
1238 3503 1379 3569 capitulum
1397 3499 1490 3571 synodi
1509 3501 1649 3556 vernensis
1667 3503 1701 3556 10
1718 3499 1870 3556 aderamusr
1895 3506 1945 3552 ”ut
1961 3495 2096 3568 monachi,
2122 3499 2165 3568 qui
2183 3497 2311 3552 ueraciter
2330 3491 2461 3562 regulariter

888 3587 993 3653 uiuunt,
1007 3590 1043 3641 od
1061 3589 1208 3646 Romanurn
1222 3595 1308 3648 seriem
1323 3594 1363 3648 uel
1377 3593 1463 3648 aliubi
1476 3596 1563 3662 uagari
1581 3609 1633 3647 nco
1649 3595 1858 3662 permittantnrt’.
1891 3590 1934 3645 Ex
1949 3589 1999 3646 hoc
2014 3592 2172 3657 enimsequi
2189 3589 2303 3656 uidetur,
2322 3593 2351 3642 nt
2362 3579 2461 3640 mona&

891 3681 1015 3749 nonnulli,
1034 3682 1157 3735 abbatum
1175 3683 1282 3749 injurias
1299 3687 1544 3755 experti,·Romani
1563 3685 1687 3739 antistitis
1704 3685 1783 3737 tidem
1803 3689 1893 3738 contra
1911 3679 1960 3736 hos
1977 3681 2142 3750 appellarint.
2172 3681 2231 3736 Non
2252 3681 2321 3734 enim
2338 3677 2378 3732 hia
2393 3675 2461 3729 uerbis

889 3776 1023 3836 vetantur,
1050 3776 1177 3851 neotioei
1201 3784 1276 3830 extra
1299 3779 1411 3832 claustra
1431 3784 1572 3846 ungentur,
1601 3775 1726 3846 siquidem
1751 3775 1928 3844 ”regulariter
1949 3775 2056 3828 uiueret’
2075 3773 2203 3828 dicontur.
2245 3771 2284 3826 Et
2308 3773 2394 3838 rerba,
2416 3781 2459 3836 qt!

889 3870 1047 3932 sequuntur:
1067 3873 1111 3918 ”et
1132 3867 1154 3918 si
1170 3867 1229 3922 talis
1245 3886 1324 3923 cauea
1341 3871 1472 3936 creuerit,
1487 3869 1554 3938 quod
1570 3871 1653 3932 absit,
1673 3876 1702 3921 ut
1723 3869 1765 3922 ille
1779 3869 1860 3921 abbas
1875 3867 1914 3918 sic
1931 3867 2055 3920 remissus
2071 3866 2112 3920 uel
2130 3867 2269 3932 negligens
2284 3865 2424 3926 inueniatur,
2436 3865 2459 3910 st

890 3951 915 4005 in
934 3970 1024 4007 monus
1043 3956 1166 4009 laicorum
1181 3959 1272 4027 'ipsum
1290 3961 1475 4016 monasterium
1495 3961 1599 4015 ueniat'
1618 3969 1731 4014 nostram
1748 3959 1850 4014 iliorum
1866 3958 2003 4016 uerborum
2026 3958 2268 4027 interpretationem
2292 3952 2458 4010 commendant·

888 4041 1009 4110 Monachj
1029 4049 1110 4115 igitur
1125 4051 1333 4117 presbyterorum
1354 4056 1501 4124 exemplum
1520 4055 1602 4108 secuti
1618 4061 1680 4108 sunt
1695 4052 1759 4120 (uid.
1771 4049 1862 4120 pili).
1904 4053 1987 4118 ,seque
1997 4051 2054 4119 ipae
2061 4048 2166 4118 quidem
2178 4047 2329 4102 Bouilacina
2339 4045 2459 4108 Foldense,

889 4138 958 4203 quod
976 4137 1142 4208 condiderat,
1159 4145 1458 4208 monasterium,.coliua
1474 4145 1545 4202 aedis
1560 4145 1685 4200 Romanae
1700 4147 1800 4214 iudicio
1819 4143 1966 4211 commisit,
1983 4150 2031 4195 ”ut
2049 4138 2101 4196 hoc
2121 4142 2171 4194 sub
2185 4139 2368 4208 jurisdictione
2382 4141 2458 4189 sanctu

890 4240 985 4284 nostrae
1000 4233 1051 4298 (-
1066 4231 1199 4290 zacharie
1214 4239 1292 4292 uerba
1312 4235 1447 4292 budumua
1463 4239 1515 4306 -)
1537 4238 1654 4294 ecclesiae
1672 4240 1860 4304 coustitutum,
1883 4235 1978 4290 nullius
2001 4234 2107 4290 alterius
2122 4233 2243 4286 ecclesius
2260 4231 2352 4286 ditioni
2362 4226 2456 4284 submit·

891 4324 1028 4392 tatur''¹⁰;
1044 4343 1094 4393 quo
1111 4329 1245 4396 priuilegio
1263 4329 1413 4384 Boniiacius
1428 4328 1511 4384 hocce
1528 4329 1723 4396 monasterium,
1739 4331 1781 4384 cui
1798 4331 1914 4398 impense
1928 4328 2040 4394 fauebat,
2058 4327 2206 4379 futurorum
2223 4325 2399 4393 episcoporum
2414 4331 2457 4368 cir

890 4415 957 4468 titire
973 4417 1119 4472 subducere
1137 4420 1227 4474 uoluit.
1263 4422 1333 4476 Fieri
1349 4424 1430 4492 igitur
1446 4429 1547 4491 potnit,
1572 4431 1602 4477 ut
1619 4423 1728 4477 abosum
1752 4422 1969 4478 monasteriorum
1986 4419 2129 4472 coenobice
2143 4417 2257 4470 Romam
2278 4415 2398 4478 adierint,
2419 4410 2457 4461 talc

891 4507 940 4558 sibi
956 4509 1117 4577 privilegiam
1134 4513 1274 4582 expetendi
1291 4531 1377 4574 causa.
1419 4515 1496 4572 Quod
1512 4523 1601 4570 autern
1621 4515 1762 4569 ueroeam
1780 4513 1896 4582 synodus
1914 4509 1941 4564 lsl
1960 4511 2128 4580 improbauit,
2150 4507 2221 4562 bend
2240 4510 2332 4563 minum
2347 4511 2392 4558 est.
2412 4501 2455 4552 b'on

891 4599 1092 4670 enimepiscopi
1114 4603 1253 4673 poterant,
1277 4608 1337 4675 quin
1359 4608 1421 4666 talia
1445 4608 1577 4676 priuilegia
1597 4623 1668 4676 aegre
1689 4608 1795 4662 ferrent.
1849 4605 1909 4676 lpse
1925 4603 2027 4656 Lullius
2050 4602 2210 4674 episcopalia
2235 4617 2283 4654 sua
2307 4601 2332 4652 in
2349 4595 2456 4652 Fuidense

890 4693 1073 4745 monasterium
1095 4695 1156 4762 jum
1171 4707 1261 4754 contra
1279 4700 1442 4768 priuilegium
1463 4701 1589 4754 Romnum
1611 4699 1681 4753 sedis
1700 4713 1822 4754 exereme
1842 4695 1992 4750 conabatur.
2011 4675 2014 4685 ,
2043 4691 2120 4749 Quod
2144 4710 2227 4764 quum
2247 4691 2374 4746 sturmius
2394 4685 2456 4738 abbas

889 4782 960 4837 nullo
975 4784 1054 4838 modo
1069 4787 1137 4843 serre
1152 4791 1243 4858 uellet,
1268 4790 1370 4844 Lullins
1387 4792 1473 4862 Pipini
1498 4791 1568 4861 repis
1588 4792 1686 4846 arrallio
1700 4791 1846 4846 Sturmlum
1863 4803 1887 4844 a.
1908 4792 1961 4842 765
1983 4787 2085 4842 exulem
2106 4786 2179 4840 iecit.
2223 4783 2278 4840 Sed
2297 4783 2392 4838 biennio
2411 4779 2456 4845 pull

889 4873 959 4932 idem
974 4877 1083 4947 Pipious
1100 4887 1128 4934 ct
1152 4881 1268 4936 Sturmio
1294 4898 1389 4938 munus
1415 4900 1492 4937 auum
1513 4883 1629 4939 reddidit
1656 4889 1684 4938 et
1704 4881 1867 4953 priuilegium
1891 4879 2038 4934 monasterii
2064 4878 2123 4947 ejus
2149 4878 2309 4932 condrmsrlt
2329 4868 2455 4941 (nabiluu

891 4971 975 5024 annu.
994 4969 1059 5026 orn.
1075 4972 1103 5026 a.
1119 4971 1254 5050 perennc
1274 4972 1351 5027 non.
1366 4973 1391 5028 ιι
1407 4993 1433 5046 p.
1451 4981 1501 5030 rso
1516 4975 1610 5044 seqq.)
1651 4964 1655 4974 ’
2044 4987 2047 4994 ·

956 5075 1039 5130 Simili
1056 5075 1133 5132 modo
1149 5077 1191 5130 alii
1208 5077 1326 5148 episcopi
1341 5080 1503 5134 umnaeteriis
1520 5094 1536 5133 a
1554 5094 1584 5132 se
1599 5075 1711 5133 conditis
1732 5077 1910 5132 consulebant.
1951 5071 2139 5142 widegernus,
2156 5073 2296 5144 episcopus
2312 5067 2453 5137 Argentum·

886 5187 910 5225 a.
925 5174 978 5224 728
993 5145 1133 5224 monachii
1143 5164 1376 5226 Murbnclneusibue
1393 5169 1444 5225 hoc
1463 5171 1624 5240 priuilegium
1642 5169 1784 5237 concessit,
1807 5171 1884 5224 licere
1902 5168 1934 5220 lis
1949 5167 2105 5240 episcopslis
2125 5166 2151 5220 in
2174 5165 2300 5219 coenobio
2321 5176 2366 5218 suo
2382 5153 2452 5212 muni·

887 5262 1031 5334 cuicunque
1047 5261 1171 5331 episcopo
1187 5261 1456 5332 committercpatqua
1474 5261 1570 5317 liedda
1589 5263 1728 5332 episcopus
1747 5279 1771 5316 ι
1782 5264 1835 5314 748
1852 5258 1923 5312 aliud
1941 5257 2125 5312 monasterinm
2141 5255 2235 5312 eodem
2252 5255 2311 5323 lure
2330 5243 2453 5306 domdtl'·

887 5353 932 5408 Sic
948 5355 1019 5408 enim
1034 5350 1155 5408 monachi
1172 5353 1279 5420 iniurias
1296 5371 1351 5410 susc
1371 5355 1523 5410 dioeceseos
1541 5353 1658 5423 episcopi
1678 5355 1756 5408 saluis
1776 5353 1880 5418 juribm
1898 5349 2089 5420 episcopalibus
2107 5351 2224 5418 effugere
2245 5351 2367 5418 poterant
2403 5337 2454 5390 Ful·

887 5452 958 5500 tasse
975 5447 1057 5514 igitur
1072 5445 1143 5500 btud
1159 5444 1282 5503 ’'adm''
1297 5446 1404 5514 capituli
1425 5446 1519 5514 synodi
1537 5447 1677 5501 Vernensls
1693 5449 1728 5498 lu
1748 5442 1781 5498 de
1801 5443 1930 5511 ejusmodi
1948 5445 2093 5522 episcopis,
2109 5443 2202 5511 quibus
2220 5435 2338 5497 monachi
2354 5423 2453 5486 nutandi

881 5535 1071 5622 judicandique
1086 5538 1242 5606 prouinciam
1261 5539 1558 5605 committere'mailent,
1576 5535 1775 5606 intelligendum
1792 5541 1842 5590 est.
1870 5535 1949 5592 Quod
1964 5552 2045 5603 quum
2063 5535 2215 5589 canosucum
2228 5529 2343 5587 ecclesiae
2358 5521 2452 5576 ordinem

781 5657 784 5664 ·
888 5628 1030 5684 admodum
1045 5631 1150 5695 turbare
1168 5635 1256 5698 posset
1262 5665 1271 5694 ,
1287 5629 1397 5698 Pipious
1412 5647 1473 5685 uero
1489 5630 1558 5686 banc
1573 5629 1719 5697 synodum,
1736 5629 1779 5684 cui
1794 5631 1935 5684 intererant
1950 5629 2080 5682 ”rruluarsl
2099 5643 2164 5698 pene
2179 5625 2319 5679 Galliarum
2333 5605 2453 5688 epiwl¹⁹v

889 5718 940 5774 ¹¹⁰⁰
956 5721 1127 5793 Minimum
1137 5722 1245 5776 consilio
1264 5724 1419 5810 ’‘aqgrmarl
1437 5721 1593 5789 insincero,
1608 5730 1638 5775 ut
1655 5721 1804 5774 ''mnonica
1819 5721 1940 5774 instituta
1955 5719 2137 5789 sliquaotlsper
2151 5707 2389 5785 recuperareotur”,
2405 5713 2453 5753 cui·

889 5821 1041 5870 seutnneum
1057 5823 1122 5883 erat,
1139 5815 1195 5870 tale
1208 5814 1234 5868 iu
1249 5809 1301 5868 hac
1317 5813 1419 5883 synodo
1435 5820 1596 5884 praeceptum
1614 5811 1679 5868 dari.
1715 5811 1769 5866 Sed
1785 5810 1841 5865 haec
1859 5809 1994 5866 hactenns.
2013 5835 2047 5852 ·-
