4986 6384
2188 161 2240 254 81

174 423 223 491 lsi
242 421 311 488 boc
332 423 393 510 pio
419 417 550 504 studio,
575 419 700 508 neqve',
729 429 767 486 ut
792 419 898 508 ipsius
925 417 1039 488 Caroli
1065 417 1117 488 Μ
1142 418 1372 510 temporibus,
1404 441 1446 487 en
1468 421 1613 488 consilio
1639 419 1789 488 devictas
1814 427 1937 512 gentes
1958 419 2127 514 religione
2147 424 2240 494 urol-

51 527 131 598 liendi
155 522 306 614 proiecta
328 533 380 588 est
405 517 578 588 indelessa
602 518 785 588 Auscharii
816 520 1020 612 religionem
1048 520 1135 596 inter
1159 517 1315 586 boreales
1339 519 1492 612 populos
1517 519 1729 610 praedicandi
1755 542 1881 611 opera,
1919 542 2019 610 qvam
2043 521 2131 595 inter
2155 526 2241 594 assi-

49 629 99 696 dua
116 625 183 692 vitre
207 621 396 689 discrimina
422 618 468 687 ad
494 619 599 686 linem
626 643 733 708 neqve
758 621 834 687 vitae
861 643 929 687 suae
956 621 1153 710 sustinebat.
1205 619 1252 686 At
1276 617 1508 706 horrendum,
1542 642 1608 715 qvo
1641 620 1679 688 hi
1708 620 1832 714 populi
1857 623 1892 689 in
1917 619 2137 690 christianam
2157 625 2242 692 rell·

48 729 157 819 glanem
181 722 304 789 incensi
326 728 436 802 erant,
466 711 586 786 oslinr'n
609 729 642 786 et
664 729 813 787 cruentae
837 717 1025 786 horum-in
1049 721 1158 788 varios
1185 727 1311 787 tractus
1336 719 1485 809 Europae
1511 719 1720 788 incursiones
1745 719 2012 809 impediverunt,
2039 723 2239 811 quominus

26 821 86 892 'sel
105 820 271 892 inscbarii
296 819 474 887 laboribus
499 840 647 908 prosper
668 828 807 888 eventus
832 817 1075 908 responderet,
1100 819 1155 888 vel
1180 819 1301 907 reliqui
1322 817 1505 888 Cbnstimi
1527 818 1648 888 litteris
1674 841 1710 887 se
1731 829 1823 888 totos
1849 819 1932 887 dare
1951 831 2104 912 possent.

166 923 212 990 At
232 923 264 988 in
291 919 405 988 media
426 917 577 1010 Europos
602 929 701 1008 parte
726 919 797 988 hoo
819 941 927 988 arsum
953 931 987 987 et
1012 920 1123 988 bonos
1149 917 1332 988 historicos
1358 917 1479 1012 genuit
1504 930 1538 986 et
1561 917 1814 1010 philosophum
1840 941 1973 988 summo
2002 921 2132 1014 ingenii
2158 943 2241 994 acu-

47 1028 112 1092 nine
131 1021 334 1114 praeclarum.
388 1017 460 1085 Sed
483 1019 538 1085 vel
564 1019 639 1108 ipsa
665 1019 751 1086 ratio
777 1019 982 1103 litterarum,
1009 1019 1250 1108 qvaemaxinre
1276 1029 1310 1086 et
1335 1019 1407 1086 fere
1432 1019 1532 1086 unice
1558 1019 1968 1090 colebantur—trivium
1994 1020 2074 1090 dico
2097 1031 2132 1090 ct
2157 1046 2241 1112 qva-

46 1125 161 1192 trivium
182 1119 264 1210 (vid.
287 1141 321 1210 p.
347 1116 520 1208 tz—tn)
545 1155 597 1170 ·-
621 1118 675 1186 vel
708 1141 840 1186 summa
866 1117 1067 1190 dominandi
1094 1117 1225 1202 libido,
1258 1142 1323 1207 qva
1347 1119 1541 1212 flagrabunt
1565 1119 1727 1209 praesules
1755 1119 1993 1206 ecclesiastici,
2022 1121 2095 1212 qvi,
2129 1121 2244 1191 diviso

46 1223 159 1313 inperio
181 1219 358 1303 Francico,
389 1218 488 1286 unius
514 1221 575 1292 riri
600 1220 802 1287 auctoritate
828 1217 875 1284 ad
895 1218 1093 1290 concordie
1118 1214 1269 1288 studiurn
1289 1219 1453 1308 compelli
1474 1241 1545 1286 non
1569 1228 1725 1307 possent,
1747 1219 1949 1305 effecerunt,
1969 1230 2009 1288 ut
2022 1221 2073 1307 ni,
2098 1220 2142 1289 de
2157 1223 2241 1292 sub·
2308 1240 2313 1256 “

46 1323 180 1392 titionibus
206 1319 447 1410 qvaestionibus
475 1315 706 1412 disputantes,
732 1341 803 1391 non
824 1327 895 1386 tarn
921 1319 970 1388 rei
994 1321 1171 1388 veritatem
1197 1331 1403 1408 quererent,
1429 1341 1529 1409 qvam
1555 1319 1732 1390 victoriana
1754 1317 1799 1388 de
1825 1318 2018 1390 adversario
2044 1343 2241 1413 quacunque

46 1425 145 1490 ntiorse
160 1431 336 1511 reportare
359 1417 547 1518 studerent.
600 1417 717 1508 ltaque
742 1417 847 1509 hujus
871 1423 930 1489 sevi
957 1420 1141 1512 scriptores
1168 1441 1307 1486 suorum
1336 1419 1468 1486 animos
1498 1419 1641 1486 nonita
1667 1417 1890 1505 excolebant,
1926 1431 1966 1490 ut
1990 1419 2027 1490 hi
2052 1420 2238 1492 admodum

47 1527 68 1588 in
87 1522 192 1588 litteris
216 1519 433 1611 proficerent.
481 1579 490 1588 .

695 1728 1049 1806 scriptores
1094 1726 1558 1789 ecclesiastici.

129 1863 148 1909 l.
187 1855 346 1925 Theganusa,
364 1853 468 1907 aratione
483 1853 614 1919 Functus,
632 1853 671 1906 vir
686 1855 779 1908 nobilis
796 1862 823 1908 et
840 1855 948 1909 doctus:

238 1925 343 1978 annales
359 1922 391 1976 de
409 1925 490 1992 gestis
506 1923 632 1976 Lndovici
650 1923 715 1992 Imp.

125 2023 148 2068 2
183 2013 347 2082 Nitimur,
364 2015 508 2082 ingilberti
527 2015 609 2080 filius,
625 2015 709 2068 Caroli
729 2015 767 2068 Μ.
782 2031 815 2068 ex
830 2013 928 2069 Bertlta
946 2015 998 2068 lilia
1016 2031 1111 2084 nepos,
1128 2015 1149 2076 †
1166 2017 1236 2066 etos

235 2086 270 2139 de
286 2084 393 2138 dissidio
411 2085 523 2138 tiliorum
543 2084 670 2138 Lndoriei
688 2085 744 2151 Pii,
762 2085 837 2153 imp,
854 2088 1016 2139 eit-ete.

125 2187 146 2230 a.
182 2177 326 2249 Eulogius,
342 2175 534 2242 Cordubensis,
548 2182 647 2242 martyr
663 2177 749 2230 iactus
766 2193 790 2230 a.
805 2181 872 2230 sets

237 2267 385 2322 memoriale
405 2269 561 2322 Sanctorum
577 2269 635 2320 libri
650 2268 702 2332 1113

237 2339 677 2462 accensens

235 2424 363 2546 {pistule
522 2425 539 2476 y
615 2443 623 2470 ⁹

125 2583 145 2630 t.
181 2571 290 2637 iiorns,
314 2567 441 2634 Magister
462 2565 562 2632 dictus,
590 2567 714 2622 diaconus
731 2568 929 2636 [lugdunensia
956 2570 997 2634 qri
1016 2557 1147 2636 copiosam
1168 2529 1350 2620 bibilotlteoanr
1365 2563 1507 2633 madebat,
1531 2567 1564 2619 ab
1579 2565 1687 2646 efflans
1706 2565 1875 2636 Lugduocnd
1890 2565 1988 2621 eleum
2005 2574 2046 2621 est
2064 2567 2098 2621 ad
2113 2585 2180 2636 opus
2195 2571 2239 2622 Jo-

177 2640 271 2695 baunis
291 2638 365 2690 Scoti
382 2637 417 2690 de
437 2636 662 2705 predestinatione
679 2639 843 2694 refutandum
860 2637 891 2705 (i
907 2639 984 2704 titel:

233 2747 317 2800 opero
335 2728 487 2800 exegeticus
522 2731 546 2780 1.
573 2729 772 2782 commentarius
792 2731 819 2782 in
833 2744 923 2782 ornnes
938 2729 966 2780 S.
984 2727 1058 2780 Pauli
1076 2727 1213 2797 epistolas,
1232 2742 1265 2780 ex
1282 2727 1428 2792 Augustino
1446 2733 1599 2788 contextus;

520 2803 546 2850 2
571 2799 770 2852 commentarius
786 2800 811 2851 in
827 2813 916 2851 omnes
931 2797 959 2850 S.
968 2797 1041 2851 Pauli
1060 2798 1182 2866 epistolas
1199 2814 1232 2851 ex
1241 2797 1386 2864 cypriano,
1404 2795 1505 2848 liberio
1522 2803 1550 2849 et
1566 2797 1622 2848 aliis
1643 2793 1713 2863 [xit]
1733 2795 1848 2862 patribus
1866 2796 2042 2865 compositns;

236 2887 304 2940 opus
320 2867 514 2938 dogmaticum:
532 2868 596 2920 liber
612 2867 644 2920 de
663 2867 887 2936 predestinatione
904 2875 994 2920 contre
1008 2864 1152 2920 iebannern
1170 2868 1229 2932 Se,
1252 2869 1279 2920 in
1296 2883 1346 2935 qvo
1361 2867 1502 2920 muntia
1518 2865 1627 2920 adsersii
1642 2881 1693 2920 nou
1714 2871 1768 2920 tan
1787 2866 1909 2920 rdntant
1927 2881 2001 2932 quant
2017 2882 2095 2936 prese
2112 2866 2240 2930 delinivita

234 2957 302 3008 opus
317 2937 489 3006 liturgicum
511 2937 630 2990 collectio
646 2953 679 2990 ex
701 2939 837 2991 sententiis
854 2937 1015 3005 antiqsorom
1031 2944 1132 3006 patrnrn
1151 2935 1184 2990 de
1202 2937 1370 2991 electionibus
1384 2943 1411 2989 et
1426 2935 1513 2988 oliicio
1533 2936 1723 3004 episcoporum.

129 3040 148 3083 5.
182 3029 367 3096 il'olofridos,
385 3028 493 3094 Strabo,
512 3027 670 3096 Germanus,
688 3027 831 3099 discipulus
848 3029 948 3081 Rabaoi
966 3028 1068 3096 Mauri,
1091 3026 1261 3082 scholasticus
1279 3027 1426 3081 monasterii
1443 3025 1595 3093 hidensis,
1620 3027 1653 3080 ab
1671 3043 1695 3078 a.
1713 3029 1766 3080 stt
1780 3025 1860 3078 abbas
1877 3021 2095 3082 Reiclrenauenais
2114 3029 2146 3094 (i
2163 2991 2245 3097 etan

235 3137 303 3190 opus
318 3119 496 3188 exegeticon.-
513 3119 600 3186 glossa
616 3120 744 3174 ordinaria
762 3123 931 3177 interlinearis
949 3124 974 3176 in
990 3140 1012 3176 s.
1030 3115 1165 3190 scriptun,
1183 3136 1216 3175 ex
1234 3123 1405 3176 recentiorum
1424 3121 1545 3188 operibus
1560 3119 1693 3180 denotas

236 3207 304 3259 opus
322 3189 492 3259 liturgicum:
508 3189 541 3242 de
560 3191 653 3244 officiis
670 3191 763 3246 divinis
780 3193 870 3260 liber3·

236 3275 335 3330 opera,
354 3275 386 3323 er
400 3261 583 3328 ruperatitione
597 3261 701 3313 illorum
719 3269 861 3332 temporum
876 3265 1015 3332 prosectu:

309 3329 360 3380 rita
377 3335 404 3382 et
420 3330 541 3382 miracula
559 3331 587 3384 S.
603 3331 669 3382 Galli
687 3331 731 3383 lib.
747 3331 788 3394 113

295 3399 360 3450 'rita
378 3395 528 3462 othomari,
546 3399 710 3466 Leudegsrdi
729 3409 755 3454 et
772 3403 898 3470 plnriunr3

308 3468 374 3520 vitio
389 3469 510 3531 Wettini3

233 3543 367 3608 poeninis.

122 3633 145 3684 tt
181 3627 597 3766 ill'ffl'o’sditmpiliuabiifnm’
620 3629 751 3682 familiaris
771 3632 870 3684 liuban.
887 3630 986 3696 Maur,
1013 3644 1045 3680 en
1067 3624 1191 3680 monacho
1210 3623 1332 3678 Fuldeusi
1351 3643 1374 3678 s.
1393 3629 1445 3676 aas)
1463 3627 1541 3678 abbas
1558 3624 1760 3690 licesfeldensis,
1783 3630 1811 3677 et
1825 3642 1849 3678 a.
1867 3630 1916 3678 841
1935 3629 2072 3696 episcopus
2090 3629 2238 3683 lialbersta-

202 3717 282 3754 rensrs
310 3717 339 3752 ac
353 3715 383 3752 ns
1476 3725 1478 3732 ,

235 3807 318 3860 opero
332 3790 483 3860 exegetica:
501 3793 701 3846 commentarius
715 3792 742 3843 in
757 3791 891 3854 Psalmos,
910 3789 1027 3854 lisaiatn,
1045 3786 1167 3857 epistolas
1185 3786 1275 3848 Pauli,
1296 3787 1459 3854 apocalypsin
1476 3785 1545 3850 (libri
1556 3785 1627 3852 vn),
1643 3802 1674 3840 es
1690 3793 1790 3853 patrutn
1805 3787 1909 3856 scriptis
1924 3789 2071 3856 phanone
2085 3795 2236 3852 contentus3

238 3878 307 3928 opos
323 3859 517 3929 dogmaticum:
535 3861 568 3916 de
586 3877 694 3930 corpore
711 3867 738 3913 et
752 3861 874 3927 sangvine
895 3859 1012 3919 Domini3

198 3929 202 3938 ’
238 3947 304 3998 opus
320 3929 490 3982 Moericum:
508 3929 624 3984 historiae
641 3931 822 3983 ecclesiastice
839 3929 991 3981 breviarium
1013 3927 1069 3978 libr.
1084 3923 1118 3976 Χ.
1147 3939 1154 3948 ’

123 4031 144 4072 7.
179 4023 309 4076 hinnu
326 4021 452 4088 Moerus,
467 4028 546 4088 gente
563 4021 694 4088 Francus,
712 4022 780 4084 (aliie
798 4019 923 4084 inclusis
943 4020 1024 4086 patria
1038 4018 1208 4082 moguntinus
1224 4016 1293 4082 (aliis
1308 4015 1471 4080 Fuldensis),
1489 4023 1563 4068 natus
1581 4034 1605 4068 a.
1623 4021 1690 4082 785,
1709 4017 1890 4070 celeberrimos
1907 4017 2007 4070 Aicuini
2023 4016 2179 4085 discipulus,
2195 4019 2236 4086 qni

182 4091 307 4146 novennis
322 4093 400 4145 vitan
417 4091 584 4144 monasticam
600 4093 744 4160 professus,
761 4087 964 4142 s.810scbolse
982 4085 1105 4146 Fuldensi
1125 4083 1262 4154 prefectus
1279 4092 1334 4150 est,
1348 4092 1376 4138 et
1391 4101 1415 4138 a.
1431 4089 1483 4138 ⁸22
1500 4086 1579 4136 alsbas
1597 4085 1712 4151 eiusdem
1730 4086 1877 4138 monasterii
1895 4086 1988 4138 iactus.
2011 4086 2076 4139 Post
2093 4089 2237 4138 connects-

183 4160 343 4216 citesXXVl
353 4161 461 4214 ilattoni
472 4176 565 4215 munus
575 4175 651 4214 suunr
661 4161 803 4226 commisit,
820 4174 869 4227 qno
886 4159 943 4226 ipse
958 4157 1050 4210 litteris
1071 4156 1197 4224 promtius
1215 4153 1471 4219 commiscuisset
1489 4153 1582 4206 invidia
1603 4155 1709 4221 incensi,
1727 4151 1844 4208 nonaobi
1856 4154 2087 4238 eumenpulernnt.
2113 4155 2237 4210 Rabantn

178 4233 262 4350 {pitu
286 4229 323 4314 ad
348 4230 431 4352 alpiam
461 4231 608 4351 proiteetns,
631 4231 723 4284 sereni
750 4231 840 4285 noluit.
875 4231 950 4281 Anno
975 4229 1028 4280 titt
1044 4225 1169 4292 Orgarlo,
1194 4221 1305 4291 archiep
1322 4223 1491 4290 moguntino,
1518 4215 1643 4278 secessit
1669 4225 1700 4290 (†
1720 4223 1791 4289 ebt).
1816 4224 1919 4292 Scripta
1944 4239 2001 4292 eru
2017 4226 2150 4280 innumera
2167 4233 2237 4280 auat.

191 4315 336 4354 arastum
375 4315 448 4352 orum
465 4316 540 4352 sona

238 4393 390 4464 exegetica,
405 4393 515 4478 inanime
531 4391 556 4443 ln
575 4391 606 4442 V.
625 4389 659 4444 T.
677 4393 771 4476 libros,
789 4393 814 4444 in
831 4389 991 4456 evangeliun
1008 4385 1114 4472 idatbsei
1128 4393 1157 4472 et
1176 4385 1298 4453 epistolas
1315 4382 1407 4468 Pauli}
1422 4399 1471 4468 qvo
1486 4387 1562 4507 etigr
1579 4387 1712 4453 pectinent
1728 4386 1897 4452 allegoricis
1915 4385 2056 4440 neimo
2073 4387 2235 4455 scriptoram,

239 4462 508 4601 ,sgittis
521 4454 1730 4596 illisiitztttttintinniit?ztttttttitiitpfnim
1748 4454 1833 4511 '⁶¹¹⁸‘
1851 4457 1931 4523 ¹⁸‘⁰²’

238 4603 341 4666 silbo,
360 4617 383 4653 v.
402 4617 425 4652 c.
441 4601 474 4655 de
490 4601 560 4654 vitiis
576 4609 603 4652 et
620 4601 774 4666 virtutibus;
790 4600 824 4654 de
840 4605 1004 4668 peecatom
1018 4595 1194 4652 satislaefioae
1211 4602 1239 4648 et
1255 4594 1376 4648 remediis
1393 4611 1415 4646 a.
1434 4594 1598 4662 poenitentiis
1613 4593 1657 4646 lib.
1674 4589 1725 4650 l't

239 4671 384 4740 liturgico,
401 4685 427 4724 v.
443 4688 467 4724 c.
485 4669 518 4724 de
533 4669 668 4738 disciplina
687 4671 862 4724 ecclesiastica
878 4667 922 4720 lib.
938 4667 989 4728 1113

307 4741 341 4794 de
358 4741 438 4793 neris
456 4739 603 4806 ordinibus,
623 4739 788 4793 sacramentis
806 4737 897 4792 divinis
915 4743 942 4790 et
958 4735 1118 4789 vestimentis
1135 4732 1351 4796 sacerdotatibus3

309 4809 343 4865 de
360 4809 523 4867 institutione
540 4809 659 4863 duciculi.

121 4911 144 4956 a.
180 4896 796 5038 {fflzrppcsthmgpagngegemriensin
812 4899 853 4966 qni
869 4897 977 4950 itabano
992 4897 1084 4949 Masrso
1102 4910 1148 4988 per
1164 4895 1310 4947 octennium
1329 4894 1452 4960 magistro
1471 4909 1533 4946 usus
1553 4895 1650 4958 inerat,
1668 4909 1690 4944 a.
1706 4897 1758 4946 836
1775 4892 1808 4946 ad
1825 4889 1910 4942 subn
1926 4886 2040 4950 accitos,
2057 4887 2141 4936 utilit
2155 4884 2232 4936 abbas

238 5064 272 5117 de
289 5065 372 5117 tribru
390 5061 571 5131 questionibus
589 5077 618 5114 o:
637 5059 765 5122 delium
785 5040 907 5124 echinis,
927 5056 959 5110 de
978 5051 1201 5142 praedestinatione
1212 5051 1341 5106 *bonorum
1359 5061 1391 5106 et
1403 5053 1537 5118 metuont,
1553 5050 1586 5104 de
1603 5051 1731 5118 murinis
1745 5050 1843 5106 christi
1860 5051 1989 5120 repertu
2008 5046 2153 5106 nuttam

119 5201 142 5254 i.
178 5129 632 5273 iobiisiiseipilrsigoiiiinifflci
650 5198 717 5250 nitra
732 5194 783 5249 boe
803 5212 885 5250 esum
904 5195 967 5246 visit
985 5193 1017 5261 (i-
1024 5192 1104 5257 883),
1120 5189 1153 5242 ad
1168 5190 1253 5242 aulam
1268 5187 1353 5240 Caroli
1371 5187 1401 5240 C.
1421 5188 1506 5256 plures
1524 5203 1604 5243 annos
1619 5188 1731 5258 degens,
1749 5185 1901 5258 pentheisnai
1917 5192 2053 5241 accontus
2068 5190 2122 5248 est,
2141 5183 2231 5255 settene

182 5274 214 5324 als
235 5269 390 5326 orthodoxia
406 5270 580 5324 ecclesiastica
598 5271 674 5334 longe
689 5267 821 5322 discessit:

238 5340 272 5394 de
287 5342 412 5395 divisione
429 5347 526 5394 natnrae
544 5339 601 5392 libri
619 5337 657 5400 Vs

241 5411 272 5464 de
291 5409 514 5479 predestinatione
528 5410 577 5462 Dei
593 5414 682 5460 conoe
697 5400 829 5458 Godasch.
846 5403 926 5465 libers

239 5498 316 5548 opera
333 5481 361 5534 S.
378 5481 493 5547 Dionysii
513 5478 676 5548 Areopagitae
690 5482 799 5544 quatuor
817 5475 842 5526 in
860 5474 970 5540 lingnam
987 5471 1090 5526 latinam
1107 5469 1241 5521 corrsenit.
