4986 6384
1792 427 1829 496 H
1879 425 1893 491 i
1944 448 1964 494 e
2014 449 2032 493 r
2084 449 2106 496 a
2155 449 2172 494 r
2222 445 2242 495 c
2290 427 2316 496 h
2364 430 2373 496 i
2421 455 2445 504 a

225 563 407 633 historiam
432 565 662 658 persecutoris
685 561 733 630 itc
758 562 860 630 nobis
886 563 1062 656 agendum
1089 587 1162 632 csse
1188 565 1398 656 poterimus,
1428 573 1468 633 ut
1491 564 1642 655 primum
1664 564 1768 632 vitam
1789 558 2005 650 singulorum
2030 559 2236 650 pontificum
2262 581 2448 650 enarremus,

226 707 261 764 et
282 696 347 788 qu
370 699 494 769 Romae
518 700 628 792 gavisi
649 667 967 787 fuerintpotestota
988 697 1163 766 tradamus
1186 696 1262 788 (l);
1283 696 1423 784 deinde,
1446 717 1521 789 qvas
1543 696 1609 764 sibi
1631 695 1758 790 singuli
1775 693 1959 786 pontifices
1973 691 2304 789 arrogaverintjura,
2329 717 2450 766 accuru-

1396 861 1419 924 l.
1463 859 1834 922 Pontifices
1872 839 2114 924 Romani
2159 876 2452 940 eorumque

332 989 481 1061 Gregorius
500 991 543 1044 IV
559 1008 588 1044 se
605 991 680 1044 bellis
698 991 777 1044 trium
796 992 904 1044 iratmm
923 989 1069 1058 principum
1087 985 1158 1040 band
1179 988 1343 1056 interposuit,
1367 987 1414 1042 sed
1432 989 1535 1057 templis
1554 987 1711 1043 exornandis
1726 995 1754 1042 at
1771 989 1869 1043 civitati
1884 989 1999 1042 Ostiend
2017 955 2184 1042 saserndnde
2201 1001 2231 1039 ec
2249 983 2387 1040 muniendae
2403 1005 2452 1057 ope·

227 1093 281 1132 ram
299 1086 327 1133 et
345 1081 459 1135 laborem
477 1099 554 1136 suum
573 1081 699 1150 impendit
716 1083 818 1148 (Anmt.
837 1082 855 1134 l.
874 1099 895 1134 c.
915 1098 939 1147 p.
958 1080 1032 1146 226).
1049 1081 1069 1141 †
1087 1083 1148 1132 844.
1372 1146 1382 1156 ·

330 1171 397 1226 Post
414 1174 661 1240 mortemGregorii
677 1173 714 1226 lV
732 1173 828 1242 duplas
840 1171 930 1238 factio
946 1198 980 1210 -
995 1171 1142 1241 ”ignobilis
1155 1169 1267 1238 popoirl’
1284 1177 1311 1222 at
1328 1171 1511 1242 ”principum'’
1528 1185 1558 1222 os
1575 1171 1716 1240 primomm
1732 1188 1754 1224 s.
1774 1170 1928 1239 optimatum
1942 1169 2023 1224 -da
2040 1186 2107 1224 novo
2125 1170 2246 1238 postillae
2259 1167 2373 1234 eligendo
2390 1171 2452 1222 arnis

228 1261 377 1327 dimicarit3
395 1279 458 1317 mox
476 1271 562 1317 tamen
581 1265 746 1333 ”principes”
763 1261 907 1316 Iohannem
926 1260 1078 1328 diaconam,
1096 1278 1172 1328 qvem
1191 1262 1303 1329 populus
1325 1262 1461 1329 presulem
1479 1269 1624 1328 creaverat,
1646 1262 1698 1315 ”de
1715 1257 1871 1329 patriarchia
1890 1261 2077 1330 expulerunt”,
2102 1267 2129 1314 et
2147 1261 2261 1314 nonnulli
2277 1259 2374 1328 qvidem
2389 1262 2454 1314 ”eun

226 1355 332 1426 ansibus
351 1343 515 1410 membratim
533 1355 656 1408 dilaniare
673 1373 703 1409 aa
719 1355 866 1410 interimere
881 1355 1037 1406 volnerare’
1054 1354 1154 1418 (Anast.
1171 1354 1187 1406 l.
1204 1371 1226 1406 e.
1244 1372 1270 1421 p.
1288 1354 1360 1420 221).
1400 1353 1465 1408 ssve
1480 1361 1552 1406 tante
1569 1355 1724 1422 optimatum
1740 1354 1824 1406 rabies
1840 1352 1953 1406 indicare
1971 1353 2082 1422 ridetur,
2096 1350 2242 1406 Iohannem
2260 1351 2291 1404 iis
2310 1351 2342 1404 ab
2359 1353 2453 1406 rationes

226 1461 279 1498 nau
296 1453 350 1500 tam
369 1449 482 1516 privatas
500 1464 574 1516 qvam
587 1447 714 1518 politicas
730 1448 841 1500 invisum
858 1446 947 1500 fuisse.
983 1443 1068 1499 Quare
1085 1427 1164 1512 qur'rm
1183 1446 1209 1498 io
1227 1460 1281 1497 osvo
1297 1447 1414 1513 proxime
1431 1445 1587 1515 precedenti
1606 1432 1718 1514 populos
1734 1444 1896 1512 imperatoris
1912 1451 1999 1513 partes
2015 1446 2088 1514 seqvi
2105 1447 2211 1508 soleret,
2235 1444 2323 1498 videor
2338 1441 2394 1496 mibi
2407 1443 2455 1510 jure

227 1551 286 1591 meo
304 1539 426 1606 colligere
443 1556 534 1608 posse,
553 1539 698 1592 Joha'nneuu
715 1537 806 1605 illum,
824 1553 900 1603 quem
915 1537 1045 1604 ”pepulro
1060 1537 1208 1605 pontificem
1227 1537 1281 1588 fieri
1298 1537 1401 1602 mallet,
1418 1538 1511 1604 ipsum
1530 1533 1647 1591 Lotbarii
1665 1537 1767 1604 imperii
1782 1535 1965 1591 studiosiorem
1983 1539 2072 1590 tuisse.
2108 1537 2184 1592 Unde
2200 1538 2281 1606 igitur
2298 1536 2416 1602 sequitur,
2431 1541 2454 1586 ut

332 1629 444 1700 Sergius
459 1631 496 1699 ΙΙ,
513 1648 587 1698 qvem
603 1629 769 1718 ”principes‘'
787 1629 935 1697 pontificem
951 1628 1096 1694 elegerant,
1115 1629 1206 1681 cicilie
1222 1629 1346 1682 melarii
1361 1629 1530 1698 imperatoris
1547 1628 1686 1700 regiminis
1703 1627 1884 1696 impatientior
1903 1629 1998 1696 suerit.
2039 1628 2117 1682 Qvod
2138 1627 2240 1698 quidem
2263 1626 2346 1697 piures
2360 1626 2453 1678 rationes

228 1716 542 1775 indubitatnmreddunt.
595 1721 713 1774 Primam
735 1722 772 1789 is,
795 1720 960 1788 imperatoris
981 1720 1115 1772 electionis
1136 1736 1190 1772 suas
1213 1721 1407 1773 confirmatione
1424 1716 1495 1772 baud
1513 1721 1643 1788 expetita,
1667 1717 1735 1773 illico
1757 1719 1892 1786 ”pontifex
1916 1727 2018 1773 creatus
2043 1727 2258 1788 consecratusque
2276 1719 2332 1772 est''
2350 1717 2452 1784 (duest).

227 1809 331 1864 Deinde
344 1809 485 1867 Lotbarius
501 1813 641 1882 imperator
658 1810 709 1865 hoc
727 1813 764 1864 ite
780 1811 889 1867 moleste
906 1811 977 1877 tulit,
995 1818 1024 1863 ut
1043 1812 1124 1864 iliam
1141 1828 1217 1865 suum
1233 1810 1405 1874 Lndovicum,
1430 1828 1519 1878 regam
1535 1811 1616 1864 ltaliae
1633 1813 1729 1864 iactum
1741 1813 1763 1879 ¹,
1788 1813 1865 1864 ”enm
1881 1811 2004 1878 Drogane
2018 1812 2275 1866 Mediomatricoruur
2294 1811 2335 1874 (ar
2352 1809 2452 1875 ldateun')

228 1901 369 1970 episcopo”
384 1905 479 1970 (annal.
493 1904 593 1959 Bertio.
611 1903 654 1958 ad.
674 1920 698 1956 a.
716 1903 781 1972 844)
800 1909 826 1956 et
845 1903 902 1956 eliis
919 1903 1037 1970 pluribus
1055 1901 1267 1988 archiepiscopis,
1284 1903 1423 1971 episeopis,
1441 1904 1578 1956 abbatibus
1596 1910 1623 1956 at
1638 1904 1787 1970 comitibus,
1812 1917 1894 1971 neqve
1910 1919 1961 1956 naa
1986 1904 2099 1972 ”magno
2113 1903 2275 1957 Francorum
2294 1902 2453 1955 exercitalis

227 1994 315 2046 mami’
332 1995 447 2050 mitteret
463 1997 578 2064 (inest.)
593 1997 733 2062 ”acturos,
750 1987 785 2046 'ne
800 1995 921 2063 deinceps
936 1993 1079 2048 decedente
1096 1996 1247 2063 apostolico
1264 1995 1400 2063 paispuam
1415 1995 1466 2048 illic
1480 2000 1578 2064 prester
1598 1995 1642 2048 sai
1662 1995 1702 2058 (cr
1720 1993 1895 2063 imperatoris)
1906 1995 2066 2062 jsusioneav,
2084 1995 2226 2048 Missurum
2245 2010 2349 2049 suorum
2364 2009 2454 2061 presen-

228 2084 290 2137 tiam
307 2085 441 2139 ordinetur
455 2086 585 2140 antistes”
601 2086 673 2152 (ann.
688 2087 787 2139 Berlin.
805 2086 822 2139 l.
838 2085 883 2153 a).
919 2085 954 2138 lli
971 2092 1058 2139 autem
1075 2085 1135 2139 inde
1153 2103 1168 2139 a
1185 2086 1310 2138 tractibus
1319 2085 1445 2140 Bononia
1459 2087 1563 2138 ”tantm
1580 2085 1666 2138 credes
1681 2093 1817 2153 tantasqve
1831 2093 1933 2151 strages
1950 2087 1976 2138 in
1991 2088 2089 2155 populo
2108 2091 2276 2154 peregerant,
2294 2093 2323 2138 nt
2337 2075 2457 2152 [hominess

228 2211 362 2230 ........
381 2193 429 2245 par
447 2178 503 2231 loea
518 2177 607 2232 abdita
624 2185 652 2232 et
668 2179 779 2232 latebras
796 2195 825 2231 se
839 2176 1047 2252 absconderes&
1061 2178 1184 2246 (anast.)
1224 2177 1290 2230 uum
1311 2177 1420 2244 Sergius
1441 2178 1561 2230 ”obviarn
1584 2178 1620 2229 illi
1638 2181 1678 2244 (aa
1702 2175 1850 2245 Ludovlca)
1872 2176 1967 2230 direxit
1992 2176 2152 2231 venerandas
2173 2191 2282 2238 cruces,
2308 2178 2366 2228 item
2382 2177 2452 2245 signa,

227 2265 297 2320 deut
315 2285 370 2322 snos
387 2277 446 2322 evat
464 2269 646 2339 imperatoreos
661 2278 709 2324 aut
730 2287 822 2340 regern
840 2269 989 2340 suseipere”
1010 2270 1138 2338 (duest.);
1162 2286 1218 2337 qne
1234 2269 1277 2321 ubi
1293 2267 1444 2322 laudavieus
1461 2269 1613 2338 conspexit,
1635 2267 1745 2322 ”alacris
1767 2269 1866 2334 iactus,
1891 2269 1965 2322 valde
1985 2269 2089 2323 laetatus
2111 2269 2169 2322 est”
2188 2267 2290 2336 (ibid).
2325 2267 2454 2322 evadare

226 2357 329 2426 evidens
347 2360 454 2428 indicat,
472 2361 633 2416 Lndovicum
649 2361 683 2414 ad
699 2358 751 2415 hac
765 2363 851 2430 ipsum
867 2367 971 2430 tempus
982 2361 1014 2415 de
1024 2359 1438 2436 Romanornmiidedubitavisse.
1464 2359 1553 2428 Neqve
1565 2367 1652 2413 tamen
1661 2361 1771 2428 Sergius
1781 2362 1865 2414 amnis
1874 2376 1965 2429 poenae
1974 2376 2081 2414 securos
2098 2367 2163 2415 erae
2189 2359 2355 2429 Quapropter
2367 2359 2452 2426 ”jarras

226 2449 351 2517 [mium]
370 2453 396 2506 b.
411 2452 494 2521 Petri,
512 2453 545 2506 ad
560 2470 623 2520 qvas
638 2452 790 2506 Ludovicus
806 2468 853 2521 per
869 2438 968 2518 gradus
983 2453 1155 2526 ascendebat,
1174 2453 1259 2506 claudi
1276 2460 1304 2506 et
1320 2453 1402 2506 aerari
1419 2452 1574 2521 praecepit”,
1593 2467 1674 2518 neqve
1691 2469 1736 2505 ees
1750 2462 1811 2506 ante
1825 2453 1992 2522 ”perederi”,
2016 2467 2092 2520 qvem
2107 2469 2152 2505 rex
2170 2450 2288 2520 dixerat,
2305 2451 2384 2519 ”qvod
2398 2451 2452 2502 nulla

228 2541 342 2610 maligno
360 2545 454 2612 animo,
472 2552 517 2598 aut
532 2547 616 2613 aliqva
633 2545 759 2614 pravitate
771 2544 815 2622 pel
831 2544 899 2596 arelo
917 2545 1021 2611 ingenio
1036 2545 1201 2598 advenissem
1215 2543 1312 2612 (ibid).
1353 2543 1481 2597 Videlicet
1497 2543 1590 2610 Sergio
1608 2539 1671 2596 nihil
1690 2539 1749 2597 maii
1767 2543 1973 2612 exspectandum
1991 2551 2047 2597 erat
2064 2563 2080 2598 s
2097 2543 2251 2612 Lndovico,
2276 2541 2336 2596 dum
2357 2543 2379 2594 iu
2397 2557 2453 2594 sacro

227 2631 294 2686 atria
312 2649 371 2686 erum
390 2651 422 2689 aa
439 2644 594 2691 vermetur.
637 2637 727 2704 ltaque
742 2635 851 2689 solemni
866 2633 918 2688 boa
933 2640 1010 2705 pacto
1027 2637 1082 2690 sine
1101 2637 1180 2690 dnbio
1196 2653 1255 2690 eum
1271 2637 1414 2690 clementie
1431 2635 1518 2690 officia
1533 2635 1696 2701 obstringere
1714 2634 1817 2689 studuit
1825 2639 1848 2688 ².
1890 2635 1990 2688 Postea
2003 2637 2113 2703 Sergios
2130 2633 2296 2690 Lodavicunr
2313 2650 2393 2701 regen
2401 2633 2453 2686 Lon·

227 2723 404 2790 gobsrdorum
421 2729 496 2781 unxit
510 2735 538 2782 et
556 2729 697 2796 coronavit,
714 2743 763 2796 qva
777 2744 807 2781 ra
822 2726 879 2793 ejus
896 2727 1007 2794 gratiam
1026 2729 1090 2782 inire
1108 2730 1221 2782 valuisse
1237 2727 1349 2782 videtur.
1384 2728 1472 2794 Neque
1487 2727 1556 2780 anim
1574 2727 1659 2794 videa,
1686 2742 1736 2794 qvo
1753 2725 1813 2794 jure
1829 2725 1869 2781 cl.
1885 2727 1979 2780 Biineu
1996 2727 2167 2795 contenderit,
2191 2727 2311 2793 idjam
2328 2727 2402 2794 ipsius
2413 2725 2453 2776 Lu

228 2813 313 2869 davicl
331 2819 428 2871 lectum
444 2819 524 2872 fuisse
535 2823 558 2872 ¹.
593 2819 660 2872 Nam
677 2835 731 2890 qve
746 2816 844 2897 babent
858 2818 899 2872 vel
916 2819 1041 2872 annalista
1059 2820 1199 2874 Pertlniao.
1215 2821 1258 2874 vai
1274 2821 1423 2873 donamina
1440 2819 1470 2887 (i.
1480 2836 1502 2872 a.
1513 2835 1539 2887 p.
1554 2818 1628 2886 228),
1643 2819 1695 2872 tals
1711 2817 1771 2887 qvid
1788 2814 1859 2871 baud
1877 2825 2089 2873 commemorant.
2129 2817 2246 2872 Omnino
2263 2817 2397 2884 Ludovica,
2412 2817 2453 2882 regi

227 2903 463 2973 Langobardorum
475 2909 531 2976 lam
548 2917 609 2963 anta
625 2926 720 2964 annum
738 2928 754 2963 a
772 2917 845 2979 patre
863 2910 942 2972 iacto,
961 2912 1020 2964 talis
1038 2913 1134 2978 unctio,
1152 2912 1173 2964 si
1193 2920 1267 2980 grata
1281 2909 1395 2979 avidam,
1413 2911 1454 2962 rix
1472 2917 1558 2962 menen
1577 2909 1613 2962 ita
1631 2911 1775 2964 necessaria
1792 2917 1838 2964 aut
1849 2910 1923 2964 utilis
1941 2912 1995 2964 uisa
2009 2919 2060 2974 est,
2084 2918 2115 2964 ut
2130 2925 2187 2965 eam
2205 2927 2222 2963 a
2240 2927 2341 2964 summo
2356 2909 2453 2978 pontifice

228 2997 413 3065 contenderet3
431 3016 464 3054 ue
480 2999 574 3070 dicem,
592 3003 719 3056 nemiuem
737 3003 813 3056 facile
831 3003 854 3054 ei
874 2999 971 3054 homini
987 3004 1084 3068 gratias
1100 3002 1165 3056 valle
1182 2999 1288 3071 habere,
1305 3005 1347 3056 cui
1363 3003 1446 3056 mox⁴
1464 3003 1535 3055 litem
1552 2999 1685 3054 intendere
1702 3009 1730 3054 et
1747 3002 1861 3055 criiuinis
1882 3018 2003 3056 accusare
2021 3003 2091 3056 velit.
2133 3001 2201 3054 Post
2223 3003 2320 3069 aliqvot
2337 3002 2398 3054 enim
2412 2999 2453 3050 diu

226 3087 318 3156 Draga
336 3089 388 3159 ilie,
406 3099 436 3145 ut
452 3093 600 3147 Anastatius
621 3094 638 3148 l.
655 3109 678 3146 c.
698 3092 778 3146 tradit
792 3093 960 3147 ”conflictum
975 3095 1069 3148 summi
1086 3095 1233 3148 certaminis
1252 3111 1311 3147 eum
1329 3095 1491 3147 sanctissimo
1510 3093 1620 3164 presule
1637 3093 1679 3160 (oe
1697 3093 1803 3162 Sergio)
1821 3094 1991 3160 omnibusque
2006 3094 2136 3162 episcopis
2152 3101 2179 3146 et
2198 3094 2366 3162 optimatibus
2380 3091 2452 3144 ιιοιῑιίι

227 3184 305 3246 atqve
323 3183 473 3249 proceribus
491 3187 669 3240 commovebat
687 3193 741 3238 um
759 3186 815 3254 ipse
833 3199 907 3251 qvam
926 3199 1016 3238 omnm
1032 3183 1221 3255 archiepiscopi
1239 3187 1279 3253 [et
1294 3186 1410 3253 episcopi
1419 3185 1453 3252 ¹),
1472 3185 1513 3254 qvi
1531 3199 1591 3237 aum
1608 3199 1640 3237 ao
1659 3191 1749 3238 canna
1767 3182 1835 3239 hauc
1853 3186 2022 3240 universalem
2044 3192 2072 3240 at
2089 3192 2168 3255 eaput
2186 3191 2340 3240 cunctarum
2358 3182 2453 3238 eoelaie

226 3283 284 3324 rum
302 3272 350 3325 Dei
360 3310 441 3329 .....
459 3278 648 3330 conveneraut”
664 3277 704 3346 (p.
719 3277 798 3345 228);
818 3276 870 3344 qul,
885 3291 1026 3344 qvanqvam
1043 3277 1165 3344 Sergium
1181 3278 1318 3330 ”mrmana
1333 3276 1488 3332 concludere
1503 3276 1543 3330 vel
1559 3277 1736 3344 constringere
1753 3273 1823 3330 haud
1843 3277 1967 3345 posuerit’l
1985 3277 2084 3345 (ibid),
2102 3277 2243 3332 edixerunt
2258 3285 2352 3337 tamen,
2373 3291 2401 3327 na
2412 3273 2453 3340 qvis

227 3367 320 3427 postea
335 3367 444 3420 antistes
458 3368 595 3422 Romanus
614 3370 669 3422 sine
683 3368 801 3434 jussione
819 3370 982 3439 imperatoris
996 3367 1109 3422 ordinari
1126 3369 1267 3442 deberat⁶,
1284 3377 1311 3424 at
1331 3367 1559 3437 ”postulaveruut,
1583 3375 1613 3422 ut
1628 3385 1719 3422 omues
1738 3367 1847 3423 Primati
1866 3369 1952 3436 (leger
1977 3369 2114 3438 primates)
2131 3368 2406 3422 Romeni'bdeliteteur
2418 3365 2454 3433 ipsi

227 3451 364 3509 Lndovica
381 3457 449 3526 Regi
469 3475 515 3527 par
529 3467 719 3513 sacramentum
738 3461 939 3529 promittereot”
954 3460 1051 3527 (ibid.)
1086 3461 1236 3513 Ludocicns
1254 3461 1336 3526 igitur
1351 3475 1397 3527 per
1414 3460 1564 3526 Drogooem
1579 3467 1730 3527 eeterosqva
1744 3460 1860 3514 Francos
1878 3477 1941 3515 suas
1958 3459 1984 3516 in
2001 3460 2079 3514 fideus
2100 3477 2239 3530 procerum
2257 3461 2453 3514 Romanam

226 3543 310 3611 ipsias
327 3547 423 3617 Sergii,
442 3551 546 3604 dubiam
562 3550 620 3618 sibi,
638 3550 707 3618 quod
722 3549 766 3604 lvio
784 3553 900 3620 pontifex
919 3552 1016 3620 absque
1030 3551 1185 3605 auctoritate
1203 3551 1367 3618 imperatoris
1388 3556 1642 3618 cousecratuserat,
1670 3553 1816 3620 inquisivit,
1843 3559 1870 3604 et
1887 3568 1968 3619 quum
1987 3553 2094 3620 Sergius
2112 3568 2187 3604 suam
2203 3567 2359 3618 suarumque
2373 3562 2453 3604 masan

226 3633 265 3688 Ite
280 3637 393 3707 egisset,
410 3649 441 3693 ut
451 3641 551 3707 larinus
567 3643 730 3710 Imperatoris
746 3642 866 3697 lasarum
882 3645 989 3709 coargui
1005 3659 1057 3697 nan
1075 3649 1181 3712 posset,
1205 3640 1371 3714 LudouIcus,
1396 3638 1532 3696 adhueda
1550 3641 1602 3696 fida
1616 3644 1735 3696 &mana
1752 3643 1890 3711 dubitans,
1907 3644 2060 3698 sacramenti
2077 3645 2206 3711 gravitate
2221 3644 2338 3697 suturam
2352 3639 2453 3709 qnudm

227 3726 362 3792 parddiam
379 3729 516 3796 probibere
535 3734 625 3788 voluit.
664 3733 724 3789 Iam
740 3733 843 3802 qudanr
858 3735 969 3801 Sergius
987 3735 1112 3804 populum
1130 3735 1175 3788 tali
1193 3741 1355 3789 masto
1370 3733 1442 3803 adigi
1461 3733 1556 3788 debere
1574 3735 1693 3803 negavit,
1711 3735 1780 3804 qvod
1795 3735 1867 3789 solus
1884 3733 2041 3798 Lotbarius,
2059 3731 2130 3788 haud
2148 3751 2210 3789 vero
2234 3733 2379 3788 Ludovieus
2393 3733 2453 3799 iupa

186 3881 190 3896 .
226 3818 324 3872 setona
342 3819 469 3888 dignitate
483 3824 610 3891 gauderet
626 3824 725 3893 (ibid),
743 3824 813 3879 uode
830 3827 918 3893 igltnr,
936 3835 965 3879 ut
981 3827 1013 3878 ab
1029 3823 1080 3879 boa
1092 3827 1169 3892 iussu
1184 3825 1335 3881 Ludovicns
1353 3824 1501 3889 desisteret,
1518 3841 1625 3880 neomse
1639 3833 1709 3891 erat;
1733 3826 1780 3881 sed
1796 3825 1858 3883 huie
1873 3835 1959 3882 umen
1977 3843 2072 3883 norum
2089 3833 2284 3882 sacramentum
2301 3839 2410 3894 perqvaur
2421 3837 2454 3874 ne·

227 3910 368 3964 oemsriurn
385 3914 468 3968 visum
488 3923 544 3983 est,
567 3924 594 3969 et
610 3917 635 3968 in
654 3916 735 3969 altero
751 3923 879 3969 conventu
895 3917 1006 3970 Romani
1024 3915 1186 3986 ”Lotbario,
1210 3933 1306 3985 magno
1323 3917 1477 3986 Imperatori
1492 3934 1595 3987 semper
1609 3921 1731 3986 Augusto
1749 3918 1903 3973 fidelitatem
1921 3921 2113 3987 promiserunt”
2130 3919 2207 3986 (ibid.
2226 3937 2252 3988 p.
2271 3920 2343 3986 229)
2376 3915 2453 3971 antu

227 3995 331 4054 damam
347 4005 424 4058 tactis
441 4007 550 4074 Sergius
568 4009 593 4060 in
611 4007 715 4062 nomina
733 4004 850 4061 Lotbarii
868 4009 1028 4076 imperatoris
1044 3988 1163 4077 pontifex
1178 4011 1345 4063 confirmatus
1364 4011 1439 4063 esti.
1475 4009 1539 4064 (lusa
1558 4012 1644 4063 amala
1665 4025 1746 4080 qaum
1762 4011 1800 4062 ita
1815 4026 1844 4065 se
1859 4008 2013 4079 habuerint,
2030 4012 2086 4079 qris
2107 4009 2231 4064 dubitare
2249 4017 2350 4078 potest,
2367 4023 2394 4060 an
2409 4005 2453 4058 Ser·

225 4089 286 4154 gius
301 4099 328 4144 et
343 4109 462 4162 proceres
478 4098 656 4152 Romanorum
672 4097 836 4168 imperatoria
849 4097 909 4165 jura
924 4101 1033 4152 moleste
1047 4101 1163 4154 tulerim.
1180 4127 1216 4142 -
1232 4102 1288 4154 Sub
1303 4099 1347 4154 illo
1364 4099 1452 4154 Mauri
1468 4101 1605 4156 aeclesiam
1623 4103 1651 4156 S.
1670 4102 1744 4156 Petri
1759 4101 1923 4170 diripnemut
1938 4101 2004 4168 (uid.
2020 4122 2047 4172 p.
2064 4107 2108 4170 85,
2128 4099 2166 4169 d).
2184 4101 2205 4164 †
2221 4104 2284 4155 Sti.
2300 4128 2334 4140 -

330 4183 425 4254 Sergio
439 4197 542 4242 mortua
556 4208 678 4258 proceres
697 4189 810 4244 hanan
832 4190 874 4244 IV
890 4191 1038 4258 pontiticem
1057 4193 1206 4259 elegerunt3
1225 4191 1271 4246 sed
1288 4191 1425 4246 ”Ranani
1439 4191 1481 4262 (os
1493 4193 1632 4264 papates),
1649 4193 1736 4260 [licat]
1754 4195 1813 4247 novi
1828 4195 1956 4248 electione
1966 4195 2101 4248 Pantilius
2113 4193 2321 4261 congaudentes,
2338 4193 2452 4258 saepem!

227 4272 321 4325 iterum
337 4291 387 4328 uon
407 4279 571 4334 mediocriter
591 4282 737 4334 contristari
756 4298 796 4350 eo,
812 4281 881 4348 qvod
898 4283 955 4334 siue
971 4269 1090 4351 imperali
1108 4301 1159 4338 non
1174 4283 1301 4338 auderent
1316 4285 1471 4338 anctoritate
1488 4284 1606 4338 intutum
1625 4301 1775 4339 consecrare
1792 4285 1955 4354 Pontificem,
1974 4286 2305 4358 pericolnmqveliomanse
2320 4277 2452 4337 urbismet'e

227 4377 270 4445 rue
285 4369 444 4438 metuebant,
462 4387 493 4424 ne
512 4372 605 4424 iterum
625 4379 653 4424 ut
669 4370 729 4425 olim
748 4374 780 4424 ab
799 4372 855 4425 aliis
874 4369 993 4426 hostibus
1011 4377 1105 4428 luisset
1123 4377 1163 4444 (aa
1182 4377 1262 4444 soret)
1279 4378 1394 4430 obsessa.
1441 4376 1501 4429 Hoc
1525 4377 1619 4429 timore
1637 4384 1664 4429 et
1681 4378 1770 4430 tuturo
1788 4394 1850 4430 casu
1869 4379 1999 4446 perterriti
2017 4379 2132 4432 Leonam
2152 4377 2211 4432 sine
2221 4377 2354 4448 permissa
2369 4367 2450 4425 Palai-
2478 4381 2479 4392 ¹

224 4453 270 4524 pis
284 4454 425 4511 Praesulem
442 4465 673 4516 consecraverunt”
691 4463 820 4529 (Acestae.
838 4465 854 4517 l.
871 4483 893 4516 c.
911 4483 936 4533 p.
953 4466 1024 4532 2³1).
1067 4468 1150 4535 lgitnr
1168 4463 1302 4522 Romanius
1321 4468 1434 4538 populus
1452 4481 1535 4533 neqre
1553 4467 1718 4534 imperatoria
1732 4468 1792 4535 jura
1810 4468 1918 4536 ledere,
1945 4486 2027 4537 neqve
2052 4471 2085 4523 ab
2103 4469 2285 4524 defensionem
2302 4467 2369 4524 urbis
2385 4468 2452 4516 cati!

226 4545 341 4614 impetus
359 4550 547 4606 Saracenorum
568 4553 716 4608 ullomodo
734 4547 910 4637 ferra'voiuit,
928 4558 1017 4612 sedem
1037 4559 1183 4613 Muranum
1201 4559 1247 4614 diu
1262 4576 1372 4614 vacuum
1389 4561 1453 4613 iore.
1489 4557 1592 4627 Quippe
1615 4556 1770 4614 Lotbarium
1796 4561 1860 4630 Imp.
1884 4563 1953 4615 varia
1979 4563 2046 4615 ultra
2063 4563 2142 4629 Alpes
2160 4561 2270 4629 negotia
2288 4557 2450 4626 occupatiores

227 4635 367 4708 habebant,
385 4659 460 4710 qvam
479 4653 509 4698 ut
526 4645 626 4699 italiam
642 4645 811 4712 gubernando
830 4654 857 4700 et
876 4649 974 4702 tuendo
989 4651 1099 4703 multum
1122 4653 1216 4705 labaris
1231 4651 1381 4722 impendere
1399 4658 1497 4722 posset.
1538 4648 1615 4703 Unda
1639 4652 1773 4706 &manus
1799 4655 1911 4722 populus
1934 4655 2058 4708 antistitis
2081 4654 2122 4708 sui
2146 4653 2346 4718 auctoritatem,
2368 4649 2451 4702 tonost

226 4729 304 4785 etiam
320 4734 416 4788 radium
433 4737 461 4788 s.
478 4737 567 4802 Petri,
591 4738 683 4805 qribus
702 4734 744 4790 iric
763 4747 888 4808 praerat,
906 4758 969 4808 opes
987 4759 1017 4795 ac
1034 4742 1136 4796 divitias
1152 4747 1296 4798 necessaria
1312 4743 1403 4812 duxit,
1427 4743 1518 4812 qribus
1532 4739 1649 4808 bostium
1666 4746 1866 4814 propioqvarum
1882 4747 1996 4813 impetus
2014 4747 2202 4816 repellerentur
2219 4751 2249 4801 et
2267 4744 2329 4796 urbs
2344 4733 2450 4794 Romul

227 4822 364 4878 obsidione
383 4825 566 4879 liberaretur⁸.
608 4827 667 4895 lpse
682 4828 748 4882 adeo
764 4821 905 4884 Lotbirius
921 4835 1022 4886 novisse
1039 4831 1150 4896 uidetur,
1172 4833 1314 4902 Romanas,
1332 4836 1381 4888 sibi
1397 4836 1469 4902 solis,
1488 4841 1517 4886 ut
1534 4849 1588 4886 suae
1606 4834 1685 4886 saluti
1704 4839 1890 4905 prospicerent,
1909 4838 2024 4906 relictos,
2047 4854 2098 4891 non
2116 4839 2171 4890 sine
2185 4838 2249 4905 jnre
2266 4835 2349 4903 aliqva
2363 4829 2449 4884 Leonti·

226 4921 287 4967 eote
304 4919 505 4984 consecravisse,
523 4935 598 4985 qvam
616 4921 672 4987 ipse
690 4921 842 4974 electionem
860 4923 917 4988 ejus
936 4927 1148 4980 confirmavisset.
1184 4927 1282 4981 Saltem
1301 4943 1356 4994 eos,
1375 4934 1509 4996 postquem
1526 4923 1625 4978 ”tidem
1640 4926 1709 4982 illius
1727 4929 1770 4994 (or
1788 4931 1815 4982 in
1830 4926 1985 4983 baubariam
2003 4929 2082 5000 Imp.)
2105 4929 2158 4984 sive
2176 4926 2305 4984 honorem
2321 4931 2376 4996 post
2390 4923 2449 4974 Deru

227 5019 273 5070 per
288 5011 375 5062 omnis
390 5017 416 5063 et
434 5012 460 5062 in
477 5011 599 5064 omnibus
617 5015 786 5066 conservare”
804 5030 833 5067 se
848 5015 912 5068 velie
930 5016 1109 5084 affirmassent,
1127 5020 1197 5071 nulla
1214 5035 1298 5087 poena
1313 5019 1409 5072 atiecit.
1445 5063 1450 5078 .

330 5099 420 5167 Neque
437 5103 512 5166 facile
529 5103 644 5158 Romani
661 5107 754 5174 ulrum,
772 5107 969 5160 necessitatibus
987 5111 1041 5160 sois
1060 5109 1143 5176 magis
1159 5116 1267 5176 aptum,
1289 5109 1437 5176 pontificem
1459 5111 1555 5178 eligere
1580 5112 1721 5181 potueriat.
1762 5111 1878 5179 Namara
1893 5113 1950 5167 Lea
1968 5113 2091 5180 singulari
2110 5112 2199 5167 studio
2218 5113 2329 5166 Musam
2344 5105 2450 5160 urbedti

229 5185 374 5243 Muranum
391 5191 515 5246 ducatum
533 5203 624 5249 contra
639 5198 752 5264 impetus
768 5198 956 5250 Saracenorum
974 5200 1115 5252 muniebat.
1151 5201 1243 5252 Muros
1264 5202 1335 5253 urbis
1351 5210 1378 5254 et
1394 5201 1538 5268 quindecim
1556 5200 1674 5256 funditus
1694 5201 1794 5256 dIrutas
1811 5211 1897 5258 turres
1909 5205 2062 5257 restamavit
2078 5207 2180 5270 (tuest.
2198 5203 2217 5260 l.
2234 5221 2259 5258 c.
2278 5222 2304 5273 p.
2318 5191 2450 5256 agg-it)

228 5277 280 5330 ”ed
295 5281 377 5347 ipsam
393 5301 464 5339 arem
485 5285 591 5340 Tiberis
608 5287 672 5340 duas
689 5290 793 5342 tsrres”
812 5289 951 5356 exstruxit,
966 5305 1060 5356 easqve
1075 5290 1144 5343 ”non
1160 5293 1242 5344 saturn
1263 5292 1392 5360 lapidibus
1407 5293 1453 5346 sed
1471 5295 1549 5347 etlam
1565 5295 1654 5347 t'erreis
1670 5295 1762 5347 muniri
1780 5297 1879 5348 comsit
1896 5297 2027 5361 catenis”,
2049 5303 2079 5348 at
2102 5298 2174 5352 nulla
2194 5293 2311 5351 bostium
2328 5291 2392 5346 naris
2404 5287 2450 5351 ”pti

228 5367 299 5422 hune
314 5371 400 5426 locum
418 5377 544 5430 transire”
563 5386 652 5445 posset
667 5378 773 5446 (ibid.):
793 5379 898 5433 foedere
917 5395 976 5431 cnm
992 5379 1168 5448 Neapolitanis
1184 5390 1211 5435 et
1228 5381 1360 5448 cajetanis
1377 5385 1452 5451 inita,
1469 5386 1572 5438 auxiliis
1587 5401 1678 5438 eorum
1694 5387 1836 5439 instructus
1852 5388 1996 5440 Saracenos
2013 5389 2114 5455 fugavit
2129 5387 2206 5454 (ibid.
2227 5405 2253 5456 p.
2271 5383 2348 5452 238)
2370 5377 2449 5432 ”ciria

228 5471 282 5515 tem
297 5478 360 5530 erge
375 5467 510 5522 ecclesiam
526 5470 555 5522 S.
570 5469 653 5532 Petri
673 5478 806 5524 annuente
826 5469 954 5524 hilario
970 5470 1098 5539 lnp.'’-et
1113 5489 1172 5524 cum
1188 5475 1311 5527 iratribus
1329 5477 1382 5528 suis
1397 5476 1467 5529 ”non
1483 5475 1599 5530 modicas
1616 5477 1717 5542 argenti
1737 5476 1832 5530 libras”
1850 5478 2047 5546 suppeditante,
2066 5480 2213 5541 aedificavit,
2234 5471 2352 5544 'baccare
2369 5469 2449 5523 ’'citil*

228 5563 281 5608 tem
297 5553 473 5610 Leaniaoanr”
488 5563 587 5613 comsit
606 5561 681 5625 (ibid.
698 5579 723 5630 p.
740 5565 813 5628 240).
858 5561 908 5614 His
924 5562 1003 5627 igitar
1020 5563 1150 5617 laboribus
1165 5563 1235 5632 Lea),
1252 5566 1291 5632 lut
1308 5567 1438 5620 ciuitatem
1454 5568 1599 5622 Romanm
1617 5583 1646 5622 ra
1668 5569 1839 5635 gnbemarit,
1863 5571 1900 5621 ita
1920 5572 2031 5636 gratiam
2050 5571 2139 5639 populi
2158 5571 2231 5632 iniit3
2251 5585 2331 5637 neqve
2345 5557 2449 5634 probabile

227 5653 277 5712 est,
295 5645 429 5702 Iiomanm
445 5651 599 5705 Francicum
616 5654 762 5722 imparium,
780 5651 848 5721 qvod
866 5654 965 5706 nullum
981 5653 1044 5722 ipsis
1062 5656 1185 5708 auxidam
1204 5657 1330 5726 prebuit,
1354 5660 1433 5726 ssqus
1449 5659 1540 5712 animis
1556 5660 1656 5713 tulisse.
1699 5659 1753 5714 Sed
1768 5661 1824 5714 Leo
1843 5667 1929 5714 aureo
1949 5663 2062 5730 speciem
2071 5662 2192 5728 obseqvii
2212 5663 2238 5714 in
2258 5657 2398 5714 Loebasium
2411 5660 2449 5700 eti·

226 5737 311 5882 saltitat.
349 5739 388 5792 lta
403 5757 484 5808 quum
499 5745 525 5796 ic
542 5745 626 5798 animo
643 5742 751 5799 haberet
769 5745 919 5802 ”Leuciana
936 5747 1058 5801 civitate”
1073 5745 1143 5800 sedes
1161 5747 1190 5800 S.
1207 5748 1278 5802 Petri
1296 5749 1465 5814 circumdare,
1486 5749 1537 5804 hoe
1559 5753 1692 5804 consitium
1716 5749 1860 5806 ”gomario
1882 5753 2035 5821 pndjcffltv,
2050 5763 2077 5810 e,
2096 5771 2126 5806 ω
2145 5754 2252 5808 demum
2270 5735 2448 5806 „annuentem
2477 5777 2478 5780 Ἴ

225 5845 258 5898 pe
282 5833 341 5884 ecit.
