5002 6366
1006 1075 1086 1242 ι.
1148 1076 1233 1200 e.
1298 1043 1431 1200 s·

95 1348 213 1448 0htuli
233 1379 286 1448 hie
305 1380 479 1448 litteren-um
498 1379 674 1449 lautorihus
694 1382 828 1470 primam
848 1389 971 1470 purtem
990 1379 1207 1446 eoelesiestioe
1226 1379 1321 1446 medii
1341 1369 1400 1444 eri
1420 1377 1573 1460 historie3
1595 1377 1636 1442 de
1657 1399 1719 1468 qva
1740 1400 1840 1468 panea
1861 1379 1988 1468 prelari
2009 1379 2105 1448 luhet.

206 1497 485 1566 Persuasissimum
505 1499 581 1566 mihi
601 1500 720 1584 heheo,
750 1503 1008 1592 propmott'oum,
1039 1521 1109 1588 qve
1129 1497 1192 1564 diei
1212 1499 1311 1582 solet,
1343 1495 1505 1562 historiam
1532 1495 1676 1564 tradendi
1702 1499 1856 1562 rationem
1878 1499 1978 1565 solam
2001 1499 2138 1566 historiae
2166 1502 2293 1570 nomine

76 1615 210 1703 'diguam
231 1639 319 1699 esse,
351 1618 472 1707 quippe
498 1641 569 1708 qve
596 1607 664 1684 sola
692 1617 794 1706 possit
819 1590 885 1684 res!
898 1627 1003 1704 gestas
1030 1617 1106 1682 setis
1132 1617 1262 1705 copiose
1281 1617 1406 1681 madere
1427 1637 1595 1704 eurumque
1616 1637 1726 1680 eausm
1747 1624 1779 1679 et
1799 1626 1922 1682 mutuas
1943 1615 2082 1683 rationes
2104 1619 2291 1688 describere

92 1731 180 1820 Qvod
200 1733 285 1800 euim
305 1717 346 1801 'ad
367 1736 498 1802 tubulus
519 1737 667 1804 holitorio
686 1737 808 1820 attinet,
835 1733 961 1822 singola
982 1735 1094 1802 leviter
1114 1743 1236 1801 tantum
1258 1735 1487 1824 perstringunt,
1515 1742 1546 1796 et
1568 1756 1606 1797 eo
1628 1729 1755 1821 quidem
1776 1733 1887 1798 ordine
1908 1737 2046 1818 tradunt,
2068 1759 2132 1825 qvo
2154 1737 2225 1821 sihi,
2247 1739 2291 1804 al·

93 1852 158 1920 tuis
178 1853 288 1935 altera,
309 1853 529 1938 successerint,
547 1855 593 1920 ita
612 1865 649 1920 ut
668 1851 852 1942 gravissimu
874 1875 1006 1942 qvoqve
1026 1875 1098 1918 eum
1119 1852 1285 1918 levissimis
1306 1862 1338 1916 et
1358 1851 1398 1916 ah
1420 1851 1469 1918 his
1490 1873 1573 1938 sepe
1594 1849 1728 1917 diversis
1748 1863 1833 1917 erote
1855 1853 2098 1940 conjungentur.

204 1973 358 2040 Attamen
379 1995 483 2062 neqve
502 1973 681 2048 tuhnlerum
700 1995 775 2038 usus
797 1971 929 2058 exiguus
951 1982 1010 2056 eat,
1030 1993 1134 2062 neqve
1154 1971 1348 2062 pragmatica
1369 1969 1499 2035 historia
1520 1991 1570 2051 eo,
1599 1992 1664 2059 ιμο
1686 1969 1767 2036 trudi
1787 1967 1879 2054 solet,
1911 1971 2007 2038 modo
2029 1974 2068 2038 ah
2090 1975 2177 2038 (ιιιιιιί
2199 1986 2291 2063 perte

93 2091 229 2178 perlecta.
270 2088 420 2179 Νιιιιιμο
440 2089 467 2156 si
488 2091 576 2180 qvis3
598 2089 855 2156 centuriatorum
874 2113 996 2156 rnorem
1017 2101 1166 2172 uentus,
1182 2089 1380 2188 singulorum
1401 2089 1580 2156 seculorum
1601 2087 1762 2154 historiam
1783 2089 1932 2179 perseqvi
1953 2090 2105 2176 voluerit,
2136 2092 2204 2157 lieri
2226 2116 2292 2159 uon

92 2208 207 2296 poterit,
228 2209 307 2298 qviu
328 2207 472 2276 ordinem
492 2231 598 2274 rerum
618 2207 751 2274 moleste
771 2207 997 2296 interrumpat,
1019 2231 1122 2298 neqve
1143 2207 1228 2273 euim
1248 2229 1374 2297 semper
1394 2207 1483 2272 initio
1505 2205 1603 2272 seculi
1625 2207 1759 2273 existere
1779 2207 1884 2274 solent
1900 2231 1952 2274 res
1974 2231 2074 2293 nove,
2097 2214 2291 2296 autmutari,

93 2347 151 2412 pe
166 2335 263 2412 autea,
277 2327 405 2392 luerint.
447 2327 513 2393 llio
532 2326 630 2414 igitur
650 2326 729 2392 ordo
750 2348 769 2390 a
789 2326 951 2416 plerisque
971 2325 1066 2392 hodie
1085 2327 1250 2414 neglectus
1272 2337 1329 2392 est.
1372 2325 1410 2392 si
1432 2336 1537 2390 autern
1557 2325 1713 2412 longioris
1734 2336 1914 2415 temporum
1934 2327 2028 2414 spatii
2048 2329 2177 2394 historia
2198 2329 2291 2404 simul

91 2445 232 2527 tradatur,
260 2455 320 2512 unt
339 2445 472 2538 molesta
492 2445 639 2535 repetitio
660 2447 843 2535 frequenter
861 2445 996 2528 inridet,
1017 2455 1071 2510 eut
1091 2445 1222 2512 historia
1242 2445 1364 2512 desinet
1385 2467 1454 2510 esse
1474 2445 1667 2532 pragmatica
1686 2467 1816 2512 neeesse
1838 2456 1895 2510 est
1937 2445 2051 2536 Neque
2072 2447 2173 2530 enim,
2202 2447 2291 2512 utin

91 2583 146 2628 uno
165 2563 315 2652 exemplo
335 2562 514 2648 subsistam,
533 2563 689 2630 houmum
710 2554 824 2629 artium
843 2562 1082 2652 litterarumque
1103 2562 1233 2630 historia
1254 2563 1449 2654 praffrnutiee
1469 2563 1551 2628 tradi
1571 2573 1689 2652 potest,
1710 2563 1771 2628 uisi
1791 2573 1918 2630 munte
1937 2563 2232 2652 ipsarummtioues
2251 2589 2290 2632 ex

92 2681 180 2746 lorma
199 2681 305 2747 eivilis
325 2681 498 2770 regiminis,
520 2682 805 2748 controversiarum
826 2692 1064 2772 oeterorumque
1085 2681 1143 2748 evi
1163 2682 1338 2748 studiorum
1358 2691 1469 2747 natura
1490 2691 1690 2772 repetantur,
1711 2705 1815 2771 neqve
1831 2681 2116 2748 eounovsssimm
2133 2685 2289 2750 enarratio

93 2802 271 2886 pragmatio·
292 2801 362 2868 lieri
382 2811 505 2890 potest,
536 2801 598 2867 u'mi
618 2803 659 2867 nd
678 2801 854 2866 littmurum
874 2801 1014 2867 indolem
1034 2778 1197 2866 releiatur.
1250 2799 1362 2890 ltaqre
1390 2809 1444 2865 sut
1469 2801 1596 2887 singula
1623 2801 1709 2867 uude
1728 2811 1950 2868 reeeuseamur
1970 2823 2102 2867 neeesse
2123 2810 2189 2886 est,
2221 2825 2292 2892 qvae

95 2915 206 2984 historia
225 2919 424 3008 pragmatius
444 2942 511 2985 uon
531 2930 579 2986 est
598 2919 800 3010 appellanda,
822 2929 877 2983 aut
897 2921 1006 2986 eudem
1026 2919 1140 3008 sepius
1160 2929 1354 3008 repetantur,
1375 2917 1408 2984 id
1430 2920 1516 3009 qvod
1537 2919 1705 2985 molestum
1727 2930 1784 2984 est.
1905 2913 1916 2926 “

200 3037 332 3104 Deinde
350 3037 551 3104 historiam
571 3039 754 3128 sreiptores,
775 3048 811 3103 ut
830 3037 953 3124 logices
971 3037 1090 3126 regulis
1111 3035 1314 3127 sntislseiuut,
1336 3048 1447 3103 events
1468 3037 1617 3103 historiea
1637 3038 1677 3103 ad
1697 3047 1801 3104 uertos
1822 3038 1910 3104 locor
1930 3040 2084 3120 referunt,
2106 3038 2161 3126 qvi
2180 3050 2214 3104 nt
2228 3059 2288 3127 per

94 3162 176 3221 totam
194 3155 360 3222 historiam
380 3155 475 3222 iidem
495 3158 576 3241 siut,
607 3157 777 3224 studiosius
805 3177 935 3246 operam
964 3156 1056 3240 dent,
1085 3155 1173 3246 qvod
1193 3156 1269 3222 mihi
1289 3179 1309 3221 a
1329 3179 1365 3222 re
1386 3155 1523 3222 nlieuum
1542 3177 1613 3221 esse
1632 3156 1765 3222 ridetur.
1806 3154 1891 3222 Nem
1911 3179 2017 3222 rerum
2038 3155 2175 3222 narratio
2197 3181 2288 3247 seqre

93 3271 243 3341 multifaria
278 3299 348 3342 esse
379 3273 490 3360 dehet,
538 3287 633 3365 atqve
663 3299 774 3341 rerum
801 3273 965 3340 diversitas
1034 3271 1100 3360 Qvi
1131 3284 1236 3342 nutem
1267 3285 1370 3342 certos
1400 3275 1509 3356 loeus,
1552 3274 1592 3339 ad
1631 3297 1712 3364 qvos
1745 3275 1849 3340 omnia
1881 3284 1914 3341 et
1943 3274 2068 3362 singule
2100 3276 2288 3360 referantur,

93 3369 154 3456 aute
182 3393 395 3476 eonstituerit,
426 3416 521 3483 qvam
551 3392 592 3459 ad
623 3417 674 3460 res
705 3392 928 3459 examinandos
960 3402 991 3457 et
1022 3392 1225 3458 examinatus·
1244 3391 1412 3458 tradendos
1443 3391 1626 3476 accesserit,
1658 3393 1723 3459 illis
1744 3393 1838 3458 auxie
1858 3391 2006 3475 servatis,
2039 3393 2181 3458 ordinem
2203 3404 2290 3460 certe

93 3505 214 3598 aliquem
239 3511 431 3595 servaverit,
463 3513 520 3578 sed
546 3533 659 3601 purum
686 3511 792 3598 logice
822 3509 931 3598 egerit.
983 3508 1060 3576 Nou
1081 3510 1164 3576 euim
1185 3513 1310 3577 schema
1331 3521 1422 3576 autea
1443 3511 1592 3599 componi
1612 3509 1723 3595 dehet,
1744 3510 1778 3576 iu
1799 3534 1863 3601 qvo
1885 3510 2017 3598 singulte
2044 3534 2114 3594 res,
2141 3511 2175 3576 in
2204 3521 2289 3576 eerta

94 3627 218 3712 qvedam
235 3630 341 3720 eupita
358 3631 541 3714 distrihuoe,
558 3629 765 3714 collocentur,
786 3628 843 3694 sed
861 3653 900 3694 ex
920 3629 991 3718 ipss
1011 3653 1117 3696 rerum
1138 3629 1360 3696 tradendarum
1380 3638 1491 3694 ustura
1511 3629 1719 3728 repetendum
1739 3640 1798 3713 est,
1819 3631 1861 3696 ud
1881 3653 1962 3722 qvos
1982 3625 2073 3695 loeus
2093 3630 2220 3718 singula
2239 3654 2289 3697 re·

93 3743 158 3810 terri
176 3748 327 3832 debeant,
349 3749 404 3840 (μί
425 3747 552 3840 quidem
572 3761 677 3838 neqve
697 3747 783 3814 omui
803 3731 893 3813 otste
913 3747 1009 3814 iidem
1029 3771 1098 3814 esse
1119 3757 1280 3837 poterunt,
1302 3747 1329 3814 si
1351 3747 1477 3836 quidem
1497 3747 1591 3812 hehet
1611 3771 1668 3814 sua
1689 3771 1821 3838 qvoqve
1841 3759 1917 3815 etus
1938 3749 2001 3814 sihi
2018 3749 2160 3839 propria,
2181 3719 2286 3838 neipve

94 3863 166 3929 omui
184 3877 272 3933 etate
293 3866 365 3956 pari
385 3866 468 3932 iuter
488 3889 522 3932 se
542 3866 637 3932 modo
659 3865 810 3948 connexi,
843 3866 947 3958 qvod,
980 3887 1049 3954 qvae
1070 3875 1156 3930 oerto
1177 3876 1321 3954 tempore
1341 3865 1534 3954 gravissimis
1555 3866 1650 3932 rehus
1672 3889 1797 3932 eausam
1818 3866 1978 3958 preeheut,
2009 3891 2046 3932 eu
2067 3867 2130 3932 ulio
2151 3869 2287 3934 sortasse

94 3987 218 4070 tenpore
238 3985 282 4053 ad
301 3987 362 4052 hos
382 3985 461 4050 nihil
482 3985 611 4051 omuino
632 3986 810 4069 conterunt,
832 4007 930 4075 quum
950 3983 991 4049 ad
1011 3983 1088 4050 alies
1110 3983 1261 4074 quasdem
1281 4007 1332 4050 res
1353 3983 1487 4050 multum
1507 3984 1644 4054 valeant.

200 4102 316 4193 ltaque
342 4103 504 4169 historiam
531 4103 667 4170 madenti
691 4105 735 4170 its
761 4105 918 4191 agendum
946 4125 1015 4168 esse
1042 4101 1168 4192 putaui,
1200 4112 1235 4166 ut
1256 4101 1392 4190 primum
1413 4102 1524 4167 sedulo
1545 4102 1692 4192 indaget,
1725 4127 1784 4194 per
1803 4113 1955 4194 quantum
1975 4102 2127 4191 temporis
2148 4101 2285 4190 spatium

92 4215 194 4284 eodem
208 4223 344 4310 fuerint
364 4225 528 4304 rationes,
549 4245 655 4312 (μοιο
675 4231 818 4310 tempore
838 4243 929 4288 nove
950 4232 1005 4286 aut
1025 4221 1093 4286 alie
1114 4222 1171 4286 hus
1192 4220 1387 4310 exceperiut=
1419 4230 1497 4310 quot
1518 4219 1638 4303 deinde
1653 4221 1808 4288 invenerit
1829 4221 1985 4287 rationum
2005 4219 2131 4286 illesus
2157 4220 2288 4287 diversi·

89 4339 172 4422 ltlea,
200 4339 233 4405 in
262 4350 309 4406 tot
330 4365 401 4406 seva
422 4338 546 4430 periodi
567 4341 719 4430 mjusqu
739 4340 901 4407 historiam
930 4339 1063 4406 dividutr
1095 4349 1162 4406 tum
1189 4340 1291 4430 ipsam
1316 4339 1478 4406 historiam
1499 4349 1699 4406 enarraturus
1720 4363 1780 4406 nee
1799 4340 1909 4432 plnres
1931 4363 1990 4406 neo
2011 4339 2177 4428 pauciores
2198 4341 2286 4407 locos

90 4449 259 4545 dish'ugvat,
280 4482 375 4548 qvam
396 4458 520 4524 diversa
540 4483 646 4525 rerum
665 4459 888 4525 tradendarum
908 4458 1032 4524 indoles
1047 4458 1174 4545 juheetr
1196 4477 1302 4548 neqve
1322 4459 1456 4524 eundem
1477 4459 1626 4523 ordinem
1646 4459 1803 4542 locorum,
1824 4481 1919 4548 qvem
1937 4458 2033 4523 semel
2052 4457 2195 4542 instituit,
2217 4453 2285 4524 uhi·

89 4569 130 4638 tis
148 4578 236 4644 auxie
259 4587 376 4660 servet,
397 4575 453 4643 sed
474 4577 588 4667 quihus
609 4578 643 4643 iu
663 4577 837 4644 rstiouihus
858 4601 958 4643 eausae
974 4599 1080 4642 rerum
1096 4575 1223 4660 lateant,
1245 4578 1357 4642 herum
1373 4575 1537 4642 historiam
1552 4575 1683 4670 reliquis
1700 4576 1876 4666 promittet.
1919 4575 2007 4664 Qvid
2023 4577 2145 4674 mults‘l
2168 4572 2285 4665 Spreta

90 4685 218 4762 locorum
238 4706 338 4787 atqve
357 4695 478 4762 ordinis
499 4695 674 4768 constantia
693 4695 884 4783 subjectiva,
913 4693 1103 4782 objeetirum
1123 4717 1230 4760 rerum
1250 4717 1366 4766 nexum
1386 4693 1430 4760 its
1451 4693 1571 4776 namt,
1602 4703 1638 4760 ut
1664 4693 1827 4764 historiam
1847 4717 1935 4762 suam
1957 4694 2128 4784 organismi
2149 4693 2283 4760 similem

91 4807 221 4880 rethe.

203 4931 313 5020 Quum
332 4943 437 4998 autem
457 4931 559 4998 omnis
580 4931 780 5000 historiarum
800 4932 965 5022 scriptoris
985 4931 1118 5016 intersit,
1135 4941 1172 4996 ut
1187 4929 1334 5014 lectores,
1353 4953 1422 5021 qve
1436 4930 1550 4996 trudito
1571 4932 1700 5017 luerint,
1721 4932 1808 5000 taciti
1825 4933 1955 5022 negotio
1972 4932 2150 5023 percipient
2171 4940 2202 4994 et
2219 4929 2283 4996 ani·

90 5063 135 5110 mn
153 5057 287 5136 teneant,
309 5089 349 5101 -
372 5050 427 5142 qvi
448 5061 496 5116 est
515 5050 663 5138 egregius
683 5073 759 5116 usus
779 5049 956 5116 tabularum
970 5089 1024 5134 —‚
1045 5072 1150 5139 opere
1170 5050 1307 5141 pretium
1327 5059 1375 5114 est
1395 5073 1553 5139 querere,
1584 5074 1661 5118 unm
1688 5075 1729 5117 ex
1756 5051 1958 5142 pragmaticae
1984 5049 2122 5115 historie
2143 5059 2175 5113 et
2194 5049 2283 5114 tehu-

90 5157 180 5233 ltrum
199 5170 322 5235 ratione
344 5173 442 5235 tertia
463 5169 542 5258 tingi
562 5169 665 5261 possit
685 5167 846 5234 historiam
867 5167 1010 5235 trudeudi
1029 5168 1214 5251 methodus,
1235 5173 1297 5257 qvi
1317 5189 1423 5233 rerum
1444 5169 1582 5235 namatio
1603 5168 1644 5236 sit
1665 5193 1754 5259 neqve
1773 5169 1903 5260 eopiosa
1923 5177 1956 5232 et
1977 5165 2099 5232 suhtilis
2121 5176 2214 5255 atqve
2236 5166 2282 5232 di·

89 5278 191 5350 ttiusta
211 5299 242 5352 et
262 5287 364 5354 tuellis
384 5289 424 5354 ad
444 5288 691 5378 percipiendum.
796 5295 797 5304 ’

202 5405 270 5473 Vix
281 5429 362 5496 opus
374 5416 422 5472 est
431 5405 579 5496 probare,
597 5429 637 5472 ex
648 5404 768 5471 duahus
778 5404 943 5488 methodis,
959 5425 1019 5492 per
1029 5425 1063 5469 se
1073 5402 1217 5488 diversis,
1232 5404 1464 5493 possetertiem
1474 5406 1631 5494 quendem
1647 5405 1792 5490 existere,
1810 5427 1890 5494 qvae,
1905 5413 2049 5469 neutram
2065 5404 2161 5492 plane
2178 5404 2283 5493 expri-

89 5524 312 5616 monuique
321 5535 426 5591 tamen
435 5527 635 5614 respondent.
665 5522 764 5590 Nulla
774 5545 839 5588 nou
849 5521 1016 5610 diseipliua
1026 5521 1171 5612 exempla
1181 5521 1278 5610 louge
1295 5521 1430 5610 plurima
1447 5522 1576 5614 praehet.
1606 5521 1804 5588 Parsimonia
1820 5521 1957 5588 medium
1974 5521 2078 5587 locum
2095 5533 2181 5588 tenet
2198 5522 2282 5590 inter

90 5633 216 5707 tuimum
233 5653 407 5710 mammet
421 5638 602 5732 prodigum,
619 5653 766 5708 neutrum
782 5639 912 5708 omuino
927 5649 1044 5722 seeuta,
1061 5640 1188 5730 utrique
1202 5651 1307 5706 tamen
1323 5641 1531 5731 respondeus.
1562 5637 1686 5705 lustitia
1703 5639 1910 5725 estseverites
1922 5639 2085 5707 dementit
2097 5650 2279 5730 temper-ete,

90 5760 794 5852 ueqvesohclemsntiansqusohsevsrtns‚
809 5758 866 5825 sed
884 5783 924 5826 ex
940 5767 1074 5849 utraque
1090 5758 1189 5826 veluti
1208 5759 1351 5824 eonlleta.
1384 5755 1496 5846 Qridl
1512 5757 1598 5848 qvod
1611 5757 1680 5846 ipse
1690 5759 1786 5824 homo
1797 5767 1940 5825 usturam
1950 5759 2043 5826 hahet
2055 5769 2085 5824 et
2096 5757 2237 5824 animalis
2248 5769 2280 5822 et

91 5871 162 5942 tutis
180 5879 299 5950 ratione
318 5881 459 5973 prediti,
489 5880 631 5950 neutrius
650 5889 793 5951 netuaru
812 5879 969 5968 integram
988 5878 1185 5969 exprimens,
1215 5877 1274 5946 sed
1299 5877 1425 5969 utrique
1449 5877 1655 5968 respondeus.
1706 5875 1820 5970 Neque
1844 5878 1989 5970 eqriden
2009 5879 2071 5946 hoo
2092 5899 2279 5944 commemo·
