4986 6384
395 421 466 490 Sed
491 431 624 492 tantum
650 425 780 506 aberat,
806 429 843 489 ut
867 425 1031 515 praesules
1057 427 1279 496 ecclesiarum
1303 421 1608 514 Transalpinamm
1630 423 1780 494 Romani
1802 427 1919 516 potius
1941 427 2096 496 antistitis
2116 453 2215 519 quam
2236 457 2300 503 suae
2316 438 2449 528 ipsorum

244 560 407 654 dignitati
432 569 532 648 atqve
557 558 750 626 auctoritati
777 559 1004 646 consulerent,
1021 550 1070 628 ¹ut
1093 561 1203 628 multa
1228 568 1262 626 et
1285 565 1427 650 agerent
1451 567 1486 625 at
1511 559 1674 643 dicerent,
1700 581 1774 649 qum
1799 562 1951 630 animum
1977 565 2175 632 autocratiae
2198 567 2353 643 Romanu
2374 579 2448 648 sedis

245 683 408 764 infestum
430 693 592 762 referunt.
645 690 823 761 Interdum
848 701 962 762 tamen
983 697 1142 764 nonnulli
1163 717 1294 781 eorum,
1319 703 1359 760 ut
1377 691 1446 759 suis
1469 691 1661 762 commodis
1682 694 1932 783 prospicerent,
1955 695 2111 786 quadam
2128 703 2370 792 commiserunt,
2392 733 2451 798 que

1710 895 1760 958 lll.
1836 899 2451 972 Autocratian

966 1007 1017 1130 ἰ)
1037 1050 1098 1130 ipsi
1120 1050 1284 1130 pontifices
1305 1048 1338 1108 in
1358 1045 1444 1108 ltalia
1463 1063 1525 1106 non
1547 1047 1741 1108 exercebant.

351 1190 493 1243 Attulimus
511 1194 606 1256 quanto
624 1186 711 1241 studio
726 1185 865 1244 Lotharins
883 1189 1067 1243 atLudouicus
1083 1192 1247 1259 imperatoria
1260 1189 1320 1256 jura
1335 1205 1383 1241 sua
1400 1193 1489 1242 contra
1507 1187 1642 1254 pontifices
1658 1187 1790 1242 Romnum
1808 1188 1974 1244 uindicarent.
2008 1189 2165 1259 Accedebat,
2180 1190 2248 1259 quod
2266 1193 2384 1247 triumuiri
2398 1200 2453 1266 pria·
2470 1167 2471 1222 l

204 1365 206 1374 γ
244 1301 316 1372 cipes
332 1305 490 1371 sanxieraut,
506 1303 640 1358 ecclesiam
656 1320 707 1356 non
731 1304 817 1357 minus
836 1305 933 1370 ”regali
954 1311 1101 1373 potestateu
1124 1320 1200 1373 quarn
1223 1302 1388 1372 ”pontificiali
1409 1301 1563 1354 auctoritate
1583 1301 1776 1367 gubernandam
1801 1312 1874 1356 esae”
1890 1304 1945 1370 (uid
1965 1321 1989 1372 p.
2007 1309 2042 1357 86
2061 1320 2098 1358 nr.
2114 1309 2140 1358 2.
2158 1306 2223 1372 tin).
2268 1309 2305 1360 Aa
2322 1324 2348 1361 re
2362 1311 2449 1376 quiden

245 1414 394 1471 Ludovicus
409 1419 443 1482 ll,
462 1419 537 1488 Imp,
553 1435 576 1470 a.
594 1423 646 1471 853
665 1426 819 1473 conuentum
836 1417 1002 1473 Ticinensem
1020 1416 1120 1486 babuit,
1138 1419 1163 1472 in
1179 1435 1229 1486 quo
1245 1395 1461 1474 ‘’secusimttcsm
1479 1415 1617 1468 utilitatem
1633 1417 1779 1484 perquirere
1795 1417 1962 1494 studerettff,
1984 1426 2011 1472 et
2032 1419 2134 1473 biennio
2158 1426 2219 1489 post
2242 1420 2310 1473 idem
2326 1421 2453 1478 leudoricus

187 1581 188 1586 ,
244 1531 383 1600 episcopis,
398 1533 424 1586 in
442 1533 551 1588 concilio
564 1532 695 1586 Ticiuensi
711 1535 868 1597 conuocatis,
886 1534 972 1588 ’‘uaria
987 1535 1100 1603 capitula
1115 1532 1277 1589 considerare
1292 1531 1440 1601 praecepitt’,
1458 1536 1485 1581 et
1502 1531 1558 1597 ipse
1578 1530 1614 1582 ibi
1630 1531 1785 1599 ”residebat,
1800 1540 1958 1586 tractaturus
1974 1532 2006 1586 de
2027 1540 2097 1586 statu
2113 1541 2209 1588 sanctas
2226 1536 2315 1588 matris
2331 1538 2453 1600 ecstasim,

163 1635 167 1650 '
245 1645 369 1713 legesque
383 1646 415 1700 da
433 1649 526 1702 oficiis
541 1655 568 1702 et
583 1647 698 1702 moribus
713 1649 903 1718 episcoporum,
920 1650 1043 1702 abbatum
1061 1645 1287 1727 etrmonacbprum
1305 1647 1375 1708 tulit,
1394 1651 1421 1698 et
1438 1633 1556 1713 ‘’crebro,
1573 1647 1663 1715 iuquit,
1685 1652 1796 1700 uestram
1814 1647 1964 1701 fidelitatem
1980 1649 2114 1702 retroactis
2131 1651 2295 1718 temporibus
2313 1669 2367 1704 eom
2374 1654 2455 1704 manai-

243 1777 310 1823 mus,
329 1766 358 1813 ut
375 1761 518 1816 secundum
534 1777 650 1814 normata
666 1759 812 1816 christiane
828 1764 960 1832 religionis
982 1764 1066 1816 viuere
1089 1763 1261 1831 unusquisque
1285 1767 1432 1815 nostrorum
1453 1759 1568 1814 fideliam
1594 1765 1773 1830 satageret”².
1823 1763 1852 1815 ln
1874 1763 1966 1831 quibus
1986 1763 2067 1846 igitur
2086 1763 2207 1816 omnibus
2229 1759 2294 1814 nibil
2310 1765 2450 1860 auptoritatis

243 1871 362 1929 Romano
382 1875 491 1930 antistiti
509 1894 660 1931 concessum
677 1885 740 1932 erat.
781 1877 870 1946 Neque
886 1875 930 1933 bic
945 1879 1068 1932 intererat
1085 1875 1185 1945 syuodo
1203 1875 1442 1944 Regio-Ticineusi,
1459 1891 1482 1928 a.
1507 1881 1559 1929 850
1574 1876 1724 1938 celebratae,
1742 1877 1784 1928 cui
1801 1882 1887 1929 autem
1906 1882 2032 1945 preerant
2056 1874 2210 1944 patriarchae
2232 1875 2451 1931 Mediolanensisat

243 1989 418 2060 Aquileiensis,
434 1991 552 2061 quodque
560 1990 691 2060 Josephus
700 1993 802 2062 quidam
820 1995 967 2064 episcopua,
985 1995 1036 2061 qui,
1053 1994 1121 2062 quod
1140 1991 1213 2046 ualde
1230 1991 1374 2060 urgendum
1391 1998 1440 2055 est,
1459 1991 1509 2044 alio
1527 1992 1604 2046 loco³
1626 1991 1755 2044 Ludosici
1768 1991 2005 2062 archicapellanus,
2024 1998 2059 2056 et,
2077 1991 2103 2043 in
2115 1991 2268 2058 praeiatione
2281 1988 2357 2058 hujus
2371 1992 2455 2058 synodi,

243 2105 489 2175 ”mciicnpetlaaaa
497 2108 578 2160 totius
587 2109 720 2162 ecclesioe”
729 2111 918 2178 nuncapatur⁴,
928 2115 1058 2176 coegerat.
1082 2107 1172 2162 Quid?
1182 2102 1252 2174 qvod
1260 2105 1376 2173 synodus
1385 2104 1503 2158 Romana
1512 2106 1560 2159 sub
1569 2105 1660 2160 Leone
1668 2105 1704 2158 1v
1717 2106 1846 2160 ”masilio
1857 2107 2040 2174 imperatorum
2051 2102 2169 2158 Lotltarii
2179 2112 2207 2158 et
2216 2105 2342 2159 Ludos-ici
2350 2103 2456 2158 habital⁵

241 2233 300 2271 esse
319 2219 469 2276 affirmatur.
515 2221 597 2289 Cuius
612 2221 716 2291 quidem
739 2221 830 2289 synodi
857 2223 977 2291 capitalis
993 2219 1152 2276 ’'Lotbmius
1170 2222 1312 2288 Imperator
1326 2219 1528 2289 mammeam.
1575 2221 1665 2287 Neque
1681 2218 1860 2286 pretereunda
1876 2227 1917 2272 est
1938 2217 2045 2273 historia
2064 2203 2192 2278 Adustatii
2211 2222 2354 2289 presbyteri
2371 2237 2454 2274 excon-

187 2331 189 2338 ’
243 2333 364 2387 manicati
374 2336 396 2386 ἣ
432 2335 492 2404 Hic,
510 2337 599 2392 relicta
613 2354 661 2392 sua
676 2337 794 2405 ecclesia,
810 2355 856 2407 per
871 2338 979 2407 quinque
997 2353 1078 2390 annos
1095 2338 1122 2390 ia
1137 2332 1284 2405 ”parocbiis
1303 2333 1526 2402 ‚aquileiensibus‘’
1544 2332 1660 2400 degerat,
1687 2347 1768 2400 neque
1784 2333 1875 2400 Leoni,
1899 2345 1987 2402 quater
2001 2349 2060 2388 eum
2080 2341 2108 2386 ut
2125 2333 2227 2388 rediret
2244 2336 2367 2401 monenti,
2384 2335 2458 2402 paruit.

242 2449 299 2501 Leo
318 2447 398 2516 igitur
412 2449 561 2506 &vennam
579 2468 609 2506 ss
625 2451 659 2506 ad
677 2451 839 2506 Ludouicum
860 2454 1042 2522 imperatorem
1059 2453 1184 2520 contulit,
1207 2450 1331 2519 ”ejusque
1349 2449 1509 2504 clementiam
1525 2448 1656 2510 exorauit,
1674 2455 1704 2501 ut
1719 2450 1880 2503 Arrestatium
1890 2486 1968 2503 .....
1984 2449 2075 2503 reuerti
2095 2448 2233 2512 iuberet”;
2258 2449 2327 2518 quod
2344 2446 2381 2500 bic
2392 2449 2458 2498 iactu-

244 2577 301 2614 rum
319 2579 347 2617 se
366 2579 424 2618 esse
441 2566 567 2634 promisit,
585 2567 642 2635 ipae
660 2573 745 2620 umen
762 2567 848 2624 ”diem
864 2569 1025 2622 constituens
1040 2574 1066 2621 et
1084 2565 1251 2638 denuncians,
1268 2565 1362 2632 inquo
1375 2529 1438 2618 'sum
1455 2578 1568 2618 mmeare
1585 2562 1720 2617 sanciret”.
1755 2563 1845 2634 Neque
1866 2571 1951 2618 tamen
1969 2564 2043 2616 Missi
2066 2561 2123 2629 ejus
2144 2563 2228 2616 istum
2249 2565 2350 2617 ”Leoni
2371 2577 2459 2632 prasea-

244 2681 299 2730 tare
314 2679 458 2744 poterant”.
494 2678 594 2734 Quibus
610 2681 686 2734 lactis
703 2681 759 2736 Leo
777 2698 837 2736 eam
856 2680 1045 2736 ”anathematis
1062 2680 1163 2732 uinculo
1183 2677 1322 2746 nodavit”,
1348 2678 1395 2732 sed
1406 2676 1581 2748 praemittas
1595 2677 1687 2732 iisdem
1703 2676 1795 2728 Missis
1812 2675 1939 2731 beadwici
1954 2677 2019 2746 lmp.
2037 2677 2123 2731 Semel
2141 2674 2233 2732 adbuc
2249 2678 2306 2732 Leo
2323 2675 2458 2730 Anastatinn

245 2805 292 2857 per
308 2789 407 2844 litteras
424 2800 451 2844 et
469 2800 522 2846 tres
542 2795 677 2862 episcopos
695 2795 729 2849 ad
745 2799 890 2864 generalem
910 2796 1036 2864 synodum
1055 2795 1169 2861 uocauit,
1192 2808 1266 2863 quam
1290 2793 1313 2847 is
1335 2767 1536 2846 admonitionem
1559 2792 1635 2861 plane
1658 2791 1804 2846 contemsit.
1840 2793 1923 2849 (luam
1947 2794 1981 2844 ob
2004 2807 2108 2844 causam
2125 2791 2183 2845 Lao
2202 2793 2230 2845 ia
2250 2791 2352 2860 synodo
2367 2793 2460 2843 Ranau

244 2903 322 2958 modo
339 2904 443 2959 laudati
461 2906 557 2961 Missos
573 2909 630 2962 illos
648 2917 806 2980 ceterosque,
834 2913 876 2982 qui
894 2918 990 2981 presto
1004 2916 1088 2976 erant,
1106 2909 1220 2977 rogauit:
1237 2905 1316 2978 ”qvid
1334 2905 1404 2960 aliud
1419 2923 1487 2960 nuuc
1504 2899 1589 2961 iacere
1603 2907 1643 2960 uel
1659 2923 1737 2974 agera
1753 2922 1902 2975 possumus,
1920 2907 1968 2960 nisi
1986 2914 2014 2959 ut
2029 2923 2156 2960 canonum
2174 2889 2471 2976 promulgationem....l

244 3019 272 3071 in
286 3033 347 3072 eum
362 3022 533 3075 communiter
549 3003 701 3088 inieramus,
725 3043 781 3094 qua
797 3027 830 3080 de
845 3027 939 3080 talibus
954 3025 980 3078 in
996 3025 1072 3078 tertio
1089 3021 1241 3078 Antiocbeui
1263 3022 1364 3077 concilii
1382 3021 1495 3090 capitulo
1514 3022 1571 3075 luce
1587 3021 1680 3075 clarius
1698 3021 1902 3075 continenturl”
1925 3021 1962 3074 Hi
1979 3038 2040 3074 uero
2057 3021 2240 3092 postulabant,
2264 3031 2295 3076 nt
2310 3021 2411 3091 epistola
2424 3019 2460 3069 Lo·

245 3129 323 3186 tbarii
340 3133 511 3202 imperatoris,
529 3155 659 3206 quaecum
674 3142 763 3194 Missis
779 3142 829 3196 illis
846 3141 928 3194 Leoni
944 3141 1040 3208 scripta
1056 3146 1127 3199 erat,
1144 3123 1323 3205 relegeretur,
1341 3153 1392 3206 qua
1413 3137 1519 3190 tandem
1537 3137 1651 3202 alecto,
1673 3133 1828 3190 Antiocheni
1844 3137 1946 3190 concilii
1964 3104 2088 3192 canonem
2106 3137 2132 3216 iu
2153 3138 2325 3192 Anastatium
2341 3136 2471 3210 prouulgag

244 3249 315 3300 bant.
355 3248 469 3302 lanuuat
487 3247 543 3306 baec
558 3254 669 3322 singula,
687 3256 903 3324 pantaleonem
917 3256 991 3324 justa
1011 3257 1036 3306 in
1054 3269 1115 3306 suos
1133 3251 1240 3306 clericos
1257 3251 1411 3304 anctoritate
1428 3248 1582 3305 destitutum
1599 3251 1689 3317 luisse,
1706 3257 1733 3304 st
1750 3250 1939 3320 Imperatorum
1955 3267 2005 3319 ope
2022 3249 2097 3304 ualde
2114 3248 2277 3318 indiguisse,
2296 3255 2385 3322 partim
2401 3264 2461 3317 saque

245 3363 360 3417 leonem
375 3381 457 3432 nequa
472 3369 582 3436 reliquos
600 3371 842 3440 metropolitanatus
857 3371 967 3425 Romani
986 3369 1122 3438 episcopos
1140 3367 1272 3434 quicquam
1291 3367 1317 3418 io
1332 3366 1410 3418 rebus
1425 3379 1494 3418 mere
1509 3364 1690 3419 ecclesiasticis
1706 3379 1784 3431 agere
1802 3370 1847 3416 aut
1863 3363 2000 3419 decernere
2019 3365 2101 3420 iusclo
2124 3371 2206 3433 atque
2229 3369 2313 3422 inrito
2331 3353 2471 3436 Imperatorel

245 3491 322 3530 ausos
339 3478 427 3532 inisse.
461 3483 547 3550 Digna
563 3501 663 3555 quoque
680 3489 752 3550 suut,
770 3503 825 3553 quae
844 3461 995 3553 diligentius
1011 3481 1217 3553 perpendantur,
1231 3477 1288 3534 brec
1302 3480 1379 3532 verba
1395 3476 1522 3548 Lotharii,
1540 3498 1573 3534 ex
1587 3480 1631 3536 illa
1647 3481 1757 3549 epistola
1776 3482 1918 3550 excerpta·
1931 3498 1939 3532 s
1952 3480 1978 3533 ”.
1989 3515 2013 3533 ..
2024 3515 2032 3533 .
2042 3495 2120 3548 quare
2136 3497 2210 3536 nunc
2228 3483 2375 3538 carissimos
2390 3481 2471 3534 ntimo

245 3599 356 3656 nosnos,
373 3592 471 3663 Josepb
488 3596 616 3665 uidelicet,
641 3615 693 3653 rer.
710 3601 861 3668 episcopum
877 3609 953 3667 atque
968 3600 1055 3652 dilecti
1069 3597 1115 3650 lilii
1136 3596 1218 3649 nostri
1235 3592 1362 3648 Ludorici
1378 3590 1608 3662 archicapellanum
1618 3629 1805 3650 ...........
1824 3594 2021 3663 presentialiter
2037 3596 2111 3648 uobis
2129 3596 2280 3650 mittimnss
2306 3595 2416 3668 quicquid
2429 3611 2462 3648 cu·

237 3675 337 3759 *nonies
355 3713 381 3759 et
395 3711 533 3764 secundun
550 3711 631 3765 veum
649 3730 726 3783 snper
745 3716 787 3768 illo
804 3721 889 3768 uestra
906 3713 1085 3768 deliberaverit
1099 3712 1239 3775 sententia,
1259 3705 1323 3762 nibil
1340 3705 1553 3762 contradicentes.
1588 3708 1704 3763 Tantum
1722 3709 1832 3764 sollicita
1850 3723 1955 3775 cauere,
1980 3727 2010 3762 ac
2028 3714 2174 3779 prudenter
2193 3721 2312 3768 uacuus
2327 3719 2421 3776 curate,
2440 3699 2471 3761 aa*

245 3817 271 3872 io
289 3811 339 3873 lroc
354 3821 424 3874 iacto
442 3820 526 3876 diuina
542 3825 657 3882 uoluntas
675 3827 823 3882 otlendatnr
842 3832 867 3882 in
883 3829 991 3895 aliqso‘'.
1027 3827 1091 3880 Quis
1107 3827 1174 3879 enim
1193 3837 1319 3878 summam
1337 3823 1363 3874 in
1380 3823 1457 3876 rebus
1479 3811 1660 3876 ecclesiasticis
1677 3828 1857 3880 auctoritatem
1875 3825 1899 3878 ei
1917 3825 2032 3892 pontifici
2051 3827 2159 3894 tribnat,
2182 3843 2264 3896 quem
2286 3827 2425 3897 imperator,
2442 3827 2463 3874 at

245 3949 278 3988 ae
292 3935 370 4004 impie
387 3945 485 4005 ageret,
501 3943 667 4006 commonuit,
687 3943 761 4009 eujus
779 3951 866 3998 autern
882 3946 1035 3998 seutentiam
1051 3957 1086 3996 au
1104 3952 1229 3992 canonum
1246 3936 1373 3990 sententia
1390 3935 1521 3989 serendam
1536 3955 1631 4008 auoque
1647 3957 1755 3994 maenaa
1769 3919 1972 4008 corfinnussdam
1987 3955 2045 3993 esse
2063 3941 2168 3996 volutet
2193 3943 2264 3996 Qum
2280 3957 2361 4010 quum
2377 3941 2408 3991 ita
2421 3937 2460 3990 sint

245 4047 296 4100 ista
312 4035 429 4114 eiusdeni
446 4051 562 4108 Lotbstii
580 4059 738 4127 subscriptio
754 4061 842 4126 procul
859 4057 938 4111 dubio
954 4043 1128 4122 confiirnandi
1143 4051 1238 4123 patin
1254 4049 1324 4104 tacta
1339 4058 1388 4104 est.
1427 4025 1564 4104 Postremo
1590 4053 1638 4121 ipsi
1660 4055 1794 4122 pontifices
1820 4055 1930 4108 Romani
1957 4071 2107 4122 supremum
2125 4055 2268 4124 quoddam
2286 4057 2397 4111 ecclesie
2411 4051 2461 4117 regl-

246 4177 305 4216 meu
320 4164 516 4234 imperatoribus
532 4169 707 4234 vindicabant;
727 4189 748 4224 u.
766 4189 787 4224 c.
807 4172 874 4240 quod
892 4172 998 4226 sancivit
1010 4171 1064 4223 Leo
1083 4169 1117 4221 tv
1137 4169 1163 4221 in
1184 4165 1285 4234 synodo
1302 4165 1346 4218 illa
1356 4164 1481 4226 nonna,
1500 4172 1539 4231 ut,
1556 4165 1577 4218 si
1593 4168 1738 4235 saeculares,
1754 4169 1822 4221 ”sub
1839 4167 1914 4234 cujus
1929 4168 1989 4235 J'ura
2005 4171 2122 4225 ecclesie
2138 4175 2304 4226 constitutae
2322 4169 2412 4230 emnt’,
2431 4177 2463 4232 pet

246 4277 396 4346 episcopum
405 4279 527 4336 admoniti
542 4286 609 4338 intra
625 4287 703 4338 trium
721 4277 846 4340 meusium
865 4289 976 4354 spatium
995 4286 1157 4353 presbyteros
1175 4283 1210 4336 ibi
1228 4280 1384 4335 constituere
1394 4277 1576 4346 neglexissent,
1594 4281 1749 4350 ”episcopus
1764 4283 1860 4349 absque
1871 4283 1992 4350 neglectu
2011 4285 2154 4356 principem
2173 4293 2346 4355 suggereret,
2365 4291 2463 4356 quatenu

246 4392 303 4458 ajat
317 4395 495 4450 emendaretur
509 4399 654 4462 sentcntin”
665 4402 688 4466 ⁹,
705 4393 746 4455 uel
760 4401 828 4468 quod
843 4400 971 4470 episcopis
986 4415 1019 4452 ea
1037 4413 1134 4453 canone
1143 4395 1289 4450 Sardicensi
1297 4391 1440 4458 interdixit,
1449 4407 1481 4446 ns
1492 4393 1577 4446 ”altra
1592 4395 1669 4448 trium
1681 4385 1873 4450 hebdomadum
1887 4397 2000 4466 spatium
2017 4415 2032 4451 a
2049 4401 2164 4470 propriis
2181 4401 2307 4455 ecclesiis
2323 4403 2464 4455 mummulus,

246 4509 295 4560 nisi
311 4508 378 4562 iorts
388 4527 439 4578 per
451 4511 594 4576 jordonem
611 4515 800 4583 metropolitani
816 4517 855 4569 uel
870 4514 999 4585 principis
1014 4529 1047 4566 er
1063 4512 1215 4568 necessitate
1232 4507 1455 4577 contingeret”¹⁰.
1490 4506 1630 4562 Pontifices
1645 4510 1726 4577 igitur
1739 4512 1764 4564 iu
1777 4527 1808 4564 eo
1819 4512 1868 4566 sibi
1885 4513 2079 4568 subsistendum
2091 4529 2152 4566 esse
2174 4517 2321 4584 putabant,
2335 4511 2462 4581 namnum

245 4623 407 4676 auctoritatis
419 4640 532 4680 canones
550 4635 705 4694 repetentes,
718 4633 778 4697 jura
791 4633 970 4700 episcoporum
987 4637 1076 4683 contra
1091 4628 1214 4682 laicorum
1232 4623 1434 4678 temeritatem¹¹
1453 4627 1480 4673 et
1495 4622 1643 4676 inferiorum
1660 4623 1778 4679 ordinum
1794 4627 2014 4680 ιιοιιιιιιιιιιοίιιιιη
2031 4627 2223 4696 defenderent,
2239 4649 2293 4700 quo
2309 4649 2403 4688 summa
2415 4643 2463 4680 sun·

246 4723 282 4790 rai
300 4738 433 4794 Pontificis
448 4743 587 4797 auctoritas
607 4741 647 4798 bis
662 4745 704 4810 (οε
720 4743 860 4812 episcopis)
879 4747 1013 4802 utilissima
1030 4743 1108 4797 rideri
1128 4738 1237 4812 possete
1253 4737 1409 4795 felicioribus
1428 4751 1487 4791 vero
1503 4739 1662 4804 temporibus
1676 4719 1867 4808 relinquebant,
1890 4757 1921 4796 au
1942 4740 2037 4808 iugum
2064 4747 2184 4812 supremi
2210 4749 2397 4816 imperitorum
2413 4749 2460 4812 pate

247 4854 320 4906 statis
338 4857 424 4911 excuti
442 4863 536 4926 posset.
