4986 6384
209 332 283 409 les

210 589 329 603 .....
363 548 484 619 Propter
503 547 610 602 cladem
633 546 826 606 imminentem
847 549 1009 615 hortamur,
1037 557 1070 606 ut
1093 553 1178 606 etiam
1201 565 1285 605 uuus
1341 549 1542 614 ostenduntur,
1564 550 1632 604 dum
1651 567 1697 613 ea,
1723 567 1782 623 qve
1804 549 1937 605 divinitus
1956 547 2061 602 sancita
2080 556 2159 611 sunt,
2180 533 2325 624 adimplere
2343 574 2399 630 neg.

210 634 325 707 qvisapsc
349 633 384 686 de
409 624 465 684 suis
490 633 633 704 mancipiis
657 631 777 688 decimas
801 636 961 706 persolvere
980 651 1037 689 nou
1061 645 1198 691 recesset.
1221 676 1227 690 .
1249 673 1284 690 ..
1341 633 1442 706 ligsmt.
1485 635 1566 688 Unde
1590 635 1738 690 statuimus
1761 651 1794 687 ae
1818 634 2005 697 decernimus,
2030 639 2063 686 ιιι
2081 649 2141 686 mos
2165 636 2289 708 antiquus
2307 655 2320 689 a
2339 640 2396 694 lide-

209 719 284 771 unde
303 717 370 772 satis
388 717 518 770 convenit
538 733 601 770 ιιιιιι
620 719 749 774 mercede
769 719 866 772 anime
886 737 973 773 unum
992 721 1114 782 solvere,
1135 729 1167 774 ut
1186 737 1286 774 noveru
1342 719 1417 774 libus
1441 727 1601 792 reparetur:
1630 727 1660 772 et
1679 719 1798 774 decimas
1821 718 2012 773 aeclesiasticis
2031 717 2229 772 lamsslantihus
2247 725 2402 778 ceremoniis

209 820 267 856 non
290 803 377 875 possit
401 801 543 864 amittere,
573 819 654 875 quarn
674 819 737 856 eum
760 803 866 875 peceati
891 805 1008 858 erimine
1033 811 1062 858 et
1085 805 1206 877 reliques
1225 822 1287 877 per·
1342 805 1462 878 populus
1484 805 1575 858 omnis
1599 803 1718 867 inierat,
1747 821 1815 876 qvas
1838 802 1994 856 sacerdotes
2019 809 2067 856 aut
2090 802 2120 854 in
2144 820 2294 874 pauperum
2319 823 2401 872 usum,

211 887 292 950 dere,
317 893 346 940 et
365 903 447 959 qvem
468 883 535 939 darc
554 887 660 951 noluit,
689 905 746 941 non
765 887 879 942 habere.
929 889 1011 956 Qvod
1030 889 1053 942 si
1073 889 1210 961 mancipia
1230 908 1287 942 non
1343 896 1393 942 aut
1420 889 1451 942 in
1481 889 1654 960 captivorum
1685 887 1906 959 redemptionem
1929 893 2133 958 prerogantes,
2153 887 2218 940 'suis
2246 874 2404 946 orationihus

210 971 275 1034 sint,
296 977 325 1024 ct
344 970 452 1024 fuerint
471 971 564 1042 aliqui,
585 970 721 1026 hahentes
740 965 821 1026 binos
840 980 889 1024 ant
908 980 1002 1026 ternos
1018 972 1101 1037 lilios,
1121 991 1172 1046 per
1189 990 1287 1026 ιιιιιιιιι-
1342 991 1439 1046 pacem
1462 974 1566 1046 populo
1591 981 1624 1025 ac
1651 973 1769 1025 salutem
1799 973 1958 1042 impetrent.
2016 969 2046 1023 Si
2071 971 2132 1043 qvis
2153 979 2248 1028 ,autam
2270 981 2405 1032 contumax

210 1072 346 1128 qvemqse
365 1055 490 1126 singulus
506 1056 648 1110 tremisses
667 1057 698 1110 iu
717 1055 837 1128 episcopi
857 1072 941 1110 manu
961 1059 1117 1120 contradat,
1138 1065 1186 1110 aut
1206 1076 1287 1130 qvem
1343 1059 1446 1112 nostris
1466 1059 1576 1111 statutis
1596 1055 1786 1110 saluberrimis
1806 1056 1907 1118 luerit,
1932 1054 2101 1109 intenebris
2121 1055 2242 1114 ecclesie
2259 1058 2330 1110 omni
2349 1066 2408 1112 tens·
2471 1053 2475 1124 l

209 1157 260 1193 suo
285 1141 346 1194 leco
369 1139 497 1212 pontifex
521 1140 639 1212 elegerit
664 1140 804 1212 assignare
828 1157 885 1194 non
911 1139 1022 1204 dilatet,
1048 1143 1121 1214 qvod
1146 1144 1233 1214 possit
1257 1143 1287 1196 in
1344 1161 1412 1214 prore
1437 1141 1607 1214 separetur.”
1649 1142 1684 1196 ln
1710 1140 1810 1214 qvibus
1832 1139 1953 1194 dellieilc
1974 1140 2051 1193 dide
2070 1145 2126 1201 est,
2154 1145 2249 1193 ιιιιιιιιι
2267 1143 2350 1212 magis
2366 1145 2409 1196 mi·

210 1225 383 1297 captivorum
402 1223 622 1296 redemptionem
641 1225 776 1278 coniceris
796 1231 829 1278 ut
847 1241 911 1278 eum
931 1225 970 1277 sie
989 1226 1099 1297 agitur,
1123 1234 1152 1281 et
1170 1244 1288 1298 presen-

211 1309 246 1363 tis
265 1310 315 1362 ise.
333 1307 465 1370 remotio,
478 1313 515 1362 'ct
534 1325 640 1364 merces
658 1308 786 1380 proliciat
804 1309 834 1360 in
853 1308 980 1363 tunno.”

281 1393 351 1459 Qve
370 1392 492 1463 singula,
513 1410 594 1465 qvam
612 1393 670 1447 sint
689 1392 789 1447 callide
808 1401 892 1466 atspve
911 1394 995 1465 impie
1016 1394 1164 1468 disputata,
1184 1395 1288 1468 perspi-

212 1495 295 1532 muru
315 1484 366 1531 est.
409 1476 499 1530 Tanta
518 1477 594 1531 enirn
611 1476 702 1551 plebis
722 1478 882 1548 superstitio
902 1486 975 1542 erat,
1000 1486 1033 1532 ut
1052 1475 1137 1534 l'aeilc'
1153 1481 1207 1533 sibi
1227 1497 1289 1552 per·

211 1561 355 1624 eraderet,
379 1559 492 1615 decimis
511 1563 651 1616 solvendis
670 1569 698 1614 et
716 1561 886 1615 calamitates
906 1561 989 1634 hujus
1009 1565 1071 1618 vite
1091 1565 1180 1618 averti
1198 1581 1288 1635 posse,

212 1653 242 1700 et
266 1645 395 1700 Numinis
419 1646 536 1717 gratiam
551 1636 601 1699 'ita
626 1645 783 1710 conciliari,
815 1653 848 1700 nt
874 1649 943 1702 certi
966 1665 1025 1703 csse
1043 1657 1138 1721 posset
1162 1649 1196 1702 de
1222 1665 1289 1720 pare-

199 1721 300 1784 ¹sentis
324 1736 353 1783 ct
377 1729 478 1783 futrsre
502 1731 565 1784 vite
589 1729 686 1784 salute.
729 1731 862 1784 Ceterum
887 1747 944 1786 non
969 1733 1082 1786 omnino
1107 1741 1215 1787 eertum
1238 1739 1289 1794 est,

213 1814 262 1888 qvi
286 1813 399 1866 decisae
419 1814 455 1866 aie
476 1815 625 1886 mancipiis
643 1814 765 1886 intelligi
785 1815 914 1869 debeant.
956 1817 1062 1872 Plauclr
1082 1819 1111 1888 (l.
1131 1835 1154 1871 e.
1173 1835 1201 1890 p.
1221 1817 1290 1885 488)

212 1899 243 1954 id
262 1896 395 1970 intelligit
414 1898 450 1953 de
470 1899 574 1952 decissa
590 1917 783 1971 perperamve
800 1903 1025 1955 ιιιιιιιιιιιιίιιιιιιιιι.
1056 1903 1138 1970 Qvod
1157 1919 1214 1954 nou
1234 1918 1291 1954 cre-

214 1982 339 2037 alidcrim.
384 1981 512 2037 Primum
537 1984 612 2038 enim
638 2001 672 2038 ex
695 1983 749 2037 hoc
772 1984 813 2037 nil
837 1983 973 2038 commodi
999 1986 1034 2038 ad
1058 1987 1174 2040 elericos
1192 1985 1294 2038 redun-

215 2067 281 2122 dare
298 2066 402 2139 potuita
423 2067 522 2122 deinde
542 2085 589 2131 ea,
614 2081 673 2141 qve
689 2083 752 2120 cum
775 2067 819 2121 his
839 2075 915 2122 arcte
937 2085 1059 2123 connexa
1077 2077 1143 2124 sunt
1160 2069 1294 2124 detectis

214 2159 294 2223 parte
318 2151 386 2204 assis
409 2167 462 2222 pro
485 2156 532 2222 1-
549 2169 616 2206 nam
636 2152 711 2204 istud
725 2170 775 2222 prs·
794 2152 868 2206 idem
889 2153 1040 2225 signifieat,
1060 2153 1134 2230 qvod
1152 2172 1211 2225 pro,
1232 2141 1311 2207 side¹

213 2244 285 2308 pact.
305 2235 359 2307 leg.
381 2233 479 2289 Salices
498 2237 541 2290 tie
560 2235 609 2290 ts=
631 2244 701 2305 “per
719 2253 943 2309 unumqs'emqre
962 2238 1048 2292 ictum
1073 2256 1182 2312 semper
1201 2247 1296 2293 ternos

214 2321 317 2374 solidos
336 2321 439 2374 solrat”
457 2323 502 2389 ·-)
522 2320 597 2374 binis
617 2321 661 2374 rel
681 2321 770 2374 ternis
788 2321 855 2375 liliis
874 2323 1073 2393 persolvenda,
1097 2342 1154 2378 aon
1173 2329 1230 2376 tam
1250 2339 1296 2396 po

199 2406 322 2460 'stulant
341 2423 423 2479 vam
442 2405 586 2476 flagitant,
606 2411 638 2457 ut
657 2403 724 2458 istas
744 2406 779 2458 de
798 2406 944 2477 mancipiis
963 2406 1082 2461 decimas
1102 2407 1241 2480 intelligas
1262 2406 1296 2461 de

216 2479 292 2543 certa
307 2492 433 2560 perseniae
449 2507 567 2549 summa,
595 2487 730 2560 episcopis
753 2506 813 2561 pro
825 2491 970 2562 mancipiis
988 2493 1132 2554 solvendas
1157 2493 1230 2565 qvod
1248 2491 1297 2545 tri-

214 2561 473 2646 hutum⁸analogon
493 2575 567 2628 ieret
586 2573 630 2634 iis,
652 2589 712 2643 qvae
731 2572 823 2626 dudlei
843 2589 895 2645 pro
914 2575 1107 2648 primogenitis
1126 2576 1234 2630 solvere
1253 2577 1297 2630 de-

215 2658 335 2720 bebaut;
361 2667 405 2712 est
423 2665 517 2712 autem
536 2655 744 2712 testatissimusn
764 2655 934 2714 decimarum
959 2661 1096 2716 rationem
1120 2661 1155 2714 ad
1172 2660 1298 2714 dedicare

216 2743 361 2815 religionis
380 2744 511 2808 institute
528 2743 563 2798 ab
583 2744 718 2818 episeopis
738 2745 817 2799 chnis
837 2762 948 2818 semper
967 2747 1084 2801 relatam
1103 2746 1195 2799 luisse.
1241 2744 1300 2799 Sed

217 2827 276 2880 hue
294 2827 437 2881 hactenus.
924 2843 927 2852 ·

285 2911 355 2966 Post
373 2927 460 2964 annos
479 2911 631 2966 octodecim
651 2921 745 2987 patres
764 2913 874 2967 conmlii
894 2911 1105 2967 Matisconensis
1126 2914 1155 2968 11
1177 2917 1210 2984 (a.
1229 2915 1299 2985 888)

218 2995 279 3049 hec
297 2995 472 3052 unxiensntr
493 3005 610 3051 “omnes
627 2997 715 3070 igitur
735 2997 855 3070 reliquas
874 2999 940 3052 lidci
961 3004 1061 3052 sancte
1080 2998 1221 3052 catholice
1238 3016 1298 3052 cau-

219 3097 276 3143 sas,
315 3097 382 3154 qvas
414 3081 545 3152 temporis
578 3081 753 3154 longitudine
781 3083 959 3154 eognovimus
993 3083 1175 3136 deterioratas
1202 3083 1298 3146 haime,

219 3171 330 3236 opertet
348 3181 400 3218 nos
419 3165 454 3218 ad
474 3173 576 3220 statum
594 3167 744 3239 pristinum
764 3184 903 3231 revocare,
923 3187 959 3222 nc
976 3168 1055 3221 sachis
1071 3169 1155 3220 sisaass
1170 3169 1299 3221 ιιι1ιιιιιιι-

219 3249 274 3308 ιίἰ,
299 3249 366 3304 dum
386 3266 432 3313 ca,
457 3265 516 3322 grec
537 3251 726 3323 cognoscimus
745 3251 782 3306 ad
800 3253 888 3306 nostri
909 3252 1014 3306 ordinis
1034 3251 1195 3324 gealitatem
1214 3253 1299 3324 perti-

220 3349 298 3396 nere,
318 3340 443 3388 autnon
462 3336 636 3408 corrigimus,
657 3341 714 3398 aut,
735 3334 809 3407 qvod
825 3336 904 3390 neias
921 3343 973 3400 cst,
993 3335 1104 3390 silentio
1118 3337 1298 3407 preterimus.

220 3417 309 3490 Leges
328 3418 421 3491 itaqve
441 3418 551 3482 divine,
572 3421 748 3499 complentes
767 3421 957 3487 sacerdotibus
976 3437 1009 3476 ac
1021 3420 1156 3474 ministris
1174 3420 1299 3474 eeclesia-

221 3519 300 3566 rum,
328 3520 379 3574 pro
402 3503 565 3558 hereditatis
588 3503 717 3577 portione
741 3504 816 3556 omni
840 3507 944 3577 populo
967 3512 1159 3578 preceperunt
1181 3504 1300 3558 decimas

192 3599 193 3604 ’
221 3585 365 3640 fluctuum
389 3603 503 3642 suorum
531 3586 599 3642 locis
623 3587 707 3641 sacris
734 3594 880 3660 pressare,
909 3597 942 3642 ut
962 3589 1040 3642 nullo
1060 3587 1156 3642 labore
1175 3589 1301 3661 impediti

222 3671 298 3725 horis
323 3671 454 3742 legitimis
473 3672 648 3742 spiritulibus
668 3674 774 3742 possint
795 3688 898 3726 occure
918 3675 1087 3726 ministeriis.
1131 3673 1206 3737 Quas
1226 3675 1301 3745 leges

223 3755 437 3810 christianorum
463 3756 606 3828 congeries
630 3753 722 3829 longis
745 3755 918 3829 temporibus
943 3757 1091 3812 custodivit
1111 3759 1301 3813 intemeratam

223 3851 299 3896 nunc
318 3848 410 3894 autem
428 3841 563 3913 paulatim
583 3841 807 3913 prevaricatores
826 3842 921 3914 legum
939 3859 1017 3916 pene
1037 3842 1190 3896 Christiani
1207 3859 1302 3897 omnes

1345 1245 1448 1290 remur,
1463 1243 1510 1281 ees
1524 1232 1620 1278 eontra
1637 1241 1748 1280 omnem
1763 1225 1909 1278 veritatem
1926 1229 1955 1276 et
1972 1222 2066 1276 divina
2088 1223 2122 1278 de
2140 1222 2261 1285 decimis,
2277 1225 2410 1280 sacerdoti-

1344 1311 1398 1366 bus
1423 1311 1502 1364 chnis
1526 1309 1681 1371 solvendis,
1705 1317 1845 1381 precepta
1869 1315 1898 1362 et
1921 1307 2065 1382 antiquum
2086 1307 2206 1361 decimas
2224 1309 2345 1362 solvendi
2362 1327 2411 1363 mo-

1344 1413 1404 1450 rem
1424 1393 1693 1455 commemorarissm
1712 1411 1747 1446 an
1766 1393 1840 1466 ipsos
1858 1409 1954 1447 veram
1978 1392 2059 1447 istius
2077 1393 2208 1464 precepti
2227 1409 2343 1446 causam
2363 1402 2411 1448 “nc
2474 1405 2475 1412 ’

1346 1481 1426 1534 nohis
1445 1481 1531 1532 simus
1550 1477 1728 1541 adversarii,'‘
1747 1495 1847 1549 parum
1868 1477 2090 1532 dissimulavisse.
2474 1473 2475 1478 ’

1412 1565 1459 1618 51.
1494 1563 1526 1616 1..
1545 1563 1764 1616 Alamannorum
1786 1578 1844 1633 cup.
1865 1560 1887 1617 Ι.

1413 1649 1459 1702 511.
1495 1647 1527 1700 L.
1549 1646 1718 1719 Bajusurior.
1739 1645 1796 1700 Tit.
1819 1647 1842 1709 1,
1863 1663 1923 1718 cap.
1944 1649 1966 1700 l.
1989 1647 2020 1709 ις
2039 1643 2090 1699 ι1ι.
2110 1661 2186 1698 eone.
2208 1643 2332 1698 Remens.
2350 1664 2372 1699 e.
2390 1645 2412 1699 1.

1347 1749 1401 1806 qvo
1419 1729 1568 1804 posteriori
1588 1733 1649 1785 loco
1669 1747 1749 1784 cansa
1770 1731 1861 1785 addita
1882 1739 1937 1786 est:
1959 1741 2015 1786 “ne
2036 1727 2221 1783 diuturnitate
2240 1729 2366 1800 temporis
2383 1729 2413 1782 ab

1347 1815 1487 1890 aliquibus
1505 1814 1536 1868 iu
1551 1813 1599 1884 jus
1618 1815 1763 1888 proprium
1782 1825 1964 1888 usurpentur,
1984 1822 2013 1872 et
2032 1813 2153 1868 ecclesie
2175 1811 2393 1866 defraudentur-”

1415 1901 1462 1954 58.
1496 1899 1528 1952 L.
1550 1898 1677 1970 Bajuvar.
1697 1897 1754 1952 Tit.
1775 1899 1799 1962 1,
1820 1917 1879 1972 cap.
1900 1899 1980 1956 xtV.

1416 1985 1495 2052 57³)
1529 1982 1561 2035 L.
1582 1985 1672 2038 Alam.
1694 2000 1753 2055 cap.
1774 1984 1803 2048 l,
1828 1985 1847 2038 1
1868 1991 1895 2035 “.
1918 2023 1924 2035 .
1947 2022 1953 2035 .
1974 2022 1980 2035 .
2003 2022 2009 2036 .
2029 1989 2058 2038 et
2077 1981 2131 2036 bei
2147 1979 2286 2051 judicium
2304 1980 2415 2034 inererat

1351 2077 1379 2124 et
1401 2059 1712 2122 excommunicationem
1736 2075 1837 2122 sancte
1862 2068 2010 2130 Ecclesise,
2035 2074 2064 2120 ct
2087 2066 2206 2120 insultam
2230 2065 2322 2126 illam,
2344 2082 2416 2137 quam

1350 2155 1446 2206 elsarta
1466 2153 1604 2216 eontinet,
1628 2153 1784 2224 persolvat,
1805 2159 1834 2205 et
1857 2169 1902 2206 res
1921 2151 1984 2205 illas
2004 2169 2038 2206 cx
2057 2152 2170 2222 integre
2188 2149 2300 2211 reddat,
2327 2155 2353 2202 et
2371 2149 2415 2202 ire
2474 2149 2475 2156 ’

1352 2238 1448 2308 dum·)
1471 2237 1502 2290 in
1524 2235 1639 2309 publico
1663 2236 1765 2300 solvat,
1789 2235 1862 2290 sieut
1880 2237 1926 2290 lex
1945 2235 2056 2292 hebet.w
2075 2235 2126 2290 cir.
2147 2251 2226 2288 coue.
2246 2229 2330 2286 Paris.
2350 2249 2370 2286 c.
2387 2233 2415 2294 e
2474 2230 2475 2240 ’

1353 2337 1429 2376 conc.
1449 2321 1532 2375 'l'olet
1554 2320 1601 2374 Vl.
1621 2337 1645 2373 c.
1668 2321 1714 2374 18.

1414 2391 1501 2474 'snm
1535 2404 1601 2474 neg.
1621 2403 1769 2457 alamann.
1790 2403 1856 2458 esu
1879 2406 1912 2459 v.

1421 2491 1467 2545 58.
1502 2488 1574 2544 lhid
1595 2487 1637 2540 lit.
1660 2487 1695 2551 V,
1717 2486 1781 2540 Vll.
2031 2541 2042 2548 Ἀ

1420 2576 1467 2630 ee.
1503 2570 1741 2627 concessise.
1764 2573 1832 2626 Vll:
1862 2575 1922 2628 “sic
1946 2575 2031 2628 etiam
2056 2571 2303 2628 constitutionibus
2321 2569 2416 2623 annecti

1354 2659 1469 2732 placuit,
1489 2664 1522 2710 nt
1541 2655 1672 2710 defuncto
1692 2657 1829 2729 episcopo,
1849 2659 2015 2734 presbytero
2034 2658 2080 2712 rel
2100 2657 2218 2711 diacono
2234 2655 2280 2709 vel
2297 2670 2417 2728 qvoqvan

1351 2743 1471 2818 junioris
1491 2741 1596 2795 ordinis
1616 2740 1727 2804 clerieo,
1747 2758 1804 2794 nou
1823 2761 1874 2815 per
1893 2742 2078 2816 praeceptum'
2094 2745 2141 2810 (-
2153 2742 2208 2794 hoc
2219 2739 2280 2793 ‘sine
2297 2737 2376 2802 dubio
2390 2735 2418 2788 de

1356 2846 1454 2900 regum
1473 2829 1596 2900 ipsorum
1616 2831 1714 2886 edictis
1732 2827 1854 2899 intelligi
1875 2828 1961 2882 debet
1974 2830 2023 2897 -)
2043 2837 2155 2898 “neqve
2170 2841 2222 2897 per
2230 2823 2360 2896 judicem,
2376 2837 2420 2874 nec

1355 2931 1407 2986 per
1427 2913 1649 2988 qualemquuqve
1667 2931 1814 2987 personam
1833 2929 1879 2967 res
1898 2913 2019 2966 ecclesie
2039 2911 2084 2965 vel
2104 2926 2203 2964 eorum
2222 2908 2348 2980 proprie,
2366 2920 2419 2976 qve

1356 3015 1443 3070 usqne
1464 3005 1511 3052 aut
1537 3005 1747 3063 testamentum,
1777 3005 1825 3052 aut
1850 2998 2077 3072 qualemcumqve
2102 2993 2303 3066 obligationem
2326 2989 2419 3048 lecerit,

1358 3091 1547 3154 cognoscatur,
1568 3101 1585 3136 a
1605 3085 1684 3138 nullo
1702 3079 1816 3156 'paenitus
1831 3081 2025 3154 suprascripte
2042 3097 2087 3133 res
2103 3079 2319 3151 contingentem
2336 3073 2381 3128 sed
2391 3070 2420 3124 sb

1355 3169 1562 3231 archidiacono,
1590 3167 1635 3221 vel
1656 3167 1730 3222 clero
1751 3166 1782 3220 in
1800 3167 1930 3220 omnibus
1950 3167 2132 3220 defensentur
2147 3170 2184 3217 et
2203 3153 2420 3218 connmcnnni

1356 3253 1406 3305 eir.
1428 3267 1502 3306 eone.
1525 3251 1654 3306 llemens.
1675 3267 1698 3305 c.
1721 3251 1773 3312 18;
1793 3268 1869 3304 eone.
1891 3249 1982 3306 Cabil.
2002 3267 2025 3304 e.
2045 3251 2073 3303 e.
2331 3291 2336 3302 .

1382 3375 1383 3380 ι
1421 3337 1470 3390 ιι.
1506 3336 1569 3390 vra
1590 3336 1705 3391 ermes.
1725 3335 1743 3388 1.
1763 3337 1833 3408 cp.
1853 3335 1922 3398 sss,
1942 3342 1999 3389 aaa.
2018 3336 2049 3398 a,
2069 3340 2100 3388 et
2117 3333 2167 3386 nu
2188 3312 2296 3402 enat.
2315 3327 2420 3381 urana

1356 3419 1408 3474 sub
1427 3419 1480 3472 hac
1500 3437 1575 3474 voce.
1778 3429 1784 3442 ‘
2455 3480 2475 3494 „

1423 3505 1470 3560 41.
1507 3503 1641 3577 Sequitur
1655 3505 1708 3557 hoe
1721 3522 1756 3559 ex
1768 3504 1865 3578 synod.
1880 3502 1980 3558 incerti
1995 3502 2059 3564 loci,
2072 3500 2157 3572 paulo
2180 3507 2245 3572 post
2260 3498 2347 3554 Puris.
2358 3507 2420 3546 cent·

1356 3587 1510 3650 celebrata,
1531 3605 1554 3642 c.
1575 3590 1625 3643 ll:
1646 3587 1725 3643 “Nec
1743 3589 1888 3642 seculares
1907 3585 2144 3660 archipresbyteri
2162 3592 2314 3656 ponantur.
2346 3577 2422 3634 Forsi-

1357 3679 1415 3736 tan,
1436 3673 1458 3725 si
1479 3672 1542 3726 talis
1561 3673 1658 3737 fuerit,
1679 3691 1759 3746 qvem
1778 3691 1831 3744 pro
1850 3673 1951 3726 merito
1969 3687 2093 3743 persone
2112 3670 2144 3723 iu
2164 3669 2296 3723 solatium
2315 3661 2421 3720 eccleis

1357 3756 1483 3827 pontilcx
1502 3759 1687 3812 necessarium
1708 3775 1767 3812 esse
1782 3757 1904 3829 judicet,
1932 3763 1965 3810 ut
1989 3756 2049 3810 sine
2074 3753 2133 3826 ejus
2159 3755 2324 3824 defossione
2342 3759 2422 3820 paret·

1359 3840 1430 3894 ciani
1449 3840 1492 3895 illi
1512 3857 1541 3895 se
1562 3841 1706 3896 defensare
1726 3861 1783 3896 non
1801 3841 1934 3915 possint.”

1025 4421 1161 4505 Note
1196 4423 1259 4504 ed
1291 4410 1399 4536 pag.
1440 4423 1631 4505 16-17.

296 4621 322 4676 1.
356 4621 375 4673 l.
396 4635 419 4672 c.
439 4637 502 4691 pag.
523 4621 587 4674 858.

1357 4616 1464 4694 llispal.
1482 4619 1519 4682 11,
1540 4639 1563 4672 ι.
1581 4619 1648 4680 ete,
1669 4634 1692 4672 c.
1709 4618 1736 4671 5.
1759 4626 1809 4671 ‘ut
1825 4616 1864 4672 ibi
1881 4621 2073 4690 permaneant,
2089 4611 2139 4668 ubi
2157 4617 2314 4686 coeperunt
2321 4608 2345 4670 ;''
2363 4617 2424 4658 cone

294 4705 322 4760 2.
357 4721 381 4757 c.
404 4703 453 4757 tl:
475 4711 527 4756 “ut
546 4704 570 4756 si
591 4703 651 4777 qvis
671 4705 863 4778 episcoporum
884 4719 947 4756 cem
969 4703 1130 4775 coepiscopo
1147 4720 1198 4762 suo
1219 4704 1303 4777 quod·
1357 4703 1448 4758 Tolet.
1469 4701 1551 4766 Xlll,
1572 4721 1597 4756 a.
1616 4703 1683 4765 885,
1704 4720 1728 4756 e.
1749 4703 1798 4757 lli
1820 4703 1949 4756 “Placuit
1966 4717 2042 4773 ergo,
2063 4705 2096 4752 ut
2112 4699 2211 4752 nullus
2228 4696 2349 4752 alienum
2364 4699 2426 4762 pres

205 4792 209 4800 '
228 4807 338 4864 cunque
354 4787 497 4860 negotium
516 4788 593 4859 sequi
613 4783 747 4852 voluerit,
768 4789 804 4841 ad
817 4786 956 4859 judicium
976 4787 1182 4859 metropolitani
1202 4789 1246 4842 sui
1262 4807 1305 4842 re·

229 4881 332 4929 currat.
375 4871 459 4940 Qvod
477 4871 500 4924 si
519 4878 613 4943 spreto
633 4871 862 4944 metropolitane,
891 4870 936 4925 vel
956 4871 1071 4944 reliquis
1091 4873 1306 4946 comprovincia-

230 4958 317 5020 libus,
341 4955 465 5030 judicem
485 4955 629 5029 publicum
649 4956 764 5019 odierit3
793 4954 900 5010 tamdiu
924 4975 940 5009 a
965 4956 1080 5010 caritate
1101 4957 1307 5030 metropolitani

229 5038 366 5096 habeatur
392 5049 556 5104 extraneus,
586 5040 718 5114 quamdiu
740 5042 770 5094 in
790 5041 916 5114 proxima
935 5041 1040 5116 synodo
1060 5058 1153 5095 eoram
1172 5042 1308 5096 fratribus

229 5127 297 5182 lacti
316 5125 399 5198 hujus
419 5126 520 5181 debeat
539 5127 657 5180 reddere
677 5125 844 5189 rationem;”
864 5125 915 5180 cir.
937 5143 1012 5180 eone.
1033 5125 1111 5179 Rem.
1132 5141 1156 5179 e.
1176 5127 1223 5180 85.

298 5209 325 5265 5.
361 5210 425 5266 vid.
446 5209 619 5282 “Dagoherti
640 5209 725 5283 Regia
748 5212 889 5266 indiculus
907 5209 944 5262 ad
958 5209 1110 5280 Sulpltium
1129 5208 1310 5282 archiepisco-

112 5315 114 5323 ’
230 5313 299 5368 pum
317 5301 349 5352 ut
367 5295 545 5350 Desideriuur
561 5294 728 5350 benedicet”
748 5295 869 5366 (Baluaii
890 5294 981 5366 Capit.
1002 5310 1060 5366 reg.
1081 5291 1180 5346 Frauc.
1196 5293 1275 5350 Tem.
1285 5296 1309 5359 1,

231 5399 259 5453 p.
282 5379 432 5448 let-nt).

232 5507 237 5518 .
294 5463 327 5518 ’4.
346 5459 412 5515 vid.
431 5479 493 5534 pag.
516 5464 562 5523 18,
583 5461 624 5517 Νι
643 5465 671 5518 5.

298 5549 327 5600 s.
363 5545 397 5600 ln
422 5547 513 5601 Gallia
537 5554 647 5602 tantum
676 5565 776 5603 novem
806 5545 921 5602 concilis
950 5561 1002 5617 per
1027 5543 1080 5599 hoe
1111 5559 1200 5600 essem
1228 5543 1311 5600 habe·

233 5631 347 5694 bantur,
368 5630 423 5684 rid.
443 5649 504 5702 pag.
526 5631 572 5684 211.

299 5719 326 5770 8.
362 5714 428 5768 Vid.
448 5732 509 5787 pag.
533 5715 576 5770 111.

301 5800 327 5852 7.
363 5799 449 5853 Cone.
472 5799 612 5852 valentin.
633 5816 657 5854 a.
676 5799 750 5864 ess,
771 5815 794 5853 e.
815 5799 843 5855 8.
865 5799 964 5854 “illum
984 5799 1118 5854 clericum
1136 5815 1218 5854 nemo
1237 5799 1309 5853 ordi·

236 5889 298 5944 net,
332 5884 378 5954 apsi
404 5883 519 5939 ἱοιιιιιιι
544 5899 573 5937 ιιι
597 5882 726 5939 turnum
750 5883 880 5957 primitus
905 5903 962 5940 nen
989 5883 1202 5958 spoponderits”
1229 5901 1306 5940 eone

1358 4788 1500 4860 hyterum,
1520 4788 1658 4849 abbatem,
1676 4786 1835 4840 ministrum
1855 4789 1903 4858 (a
1921 4782 2001 4839 haud.
2018 4783 2116 4838 dubie:
2135 4783 2287 4836 diaconum
2299 4768 2427 4848 -).,11111·

1360 4871 1516 4934 diaconum,
1537 4872 1581 4925 rel
1599 4870 1751 4942 quemlibet
1768 4871 1910 4930 clericum,
1928 4869 2078 4947 seuctiani
2096 4866 2267 4920 monachum
2280 4861 2427 4936 sispitem

1361 4972 1510 5026 engeuger
1534 4955 1677 5027 ssueipiatz
1706 4973 1764 5008 non
1789 4954 1824 5008 ad
1851 4955 1946 5025 fugam
1972 4951 2082 5016 evadet,
2110 4969 2169 5005 nou
2191 4952 2268 5022 luge
2294 4939 2428 5031 latilutlffl·¹

1361 5039 1484 5113 prebeat
1504 5038 1607 5111 ectq.;”
1627 5055 1703 5092 conc.
1718 5039 1845 5093 llemeus.
1866 5056 1889 5091 e.
1905 5038 1954 5091 122
1974 5037 2013 5091 ”si
2031 5036 2149 5092 clericus
2160 5034 2342 5108 proficuam
2354 5025 2385 5078 dc
2399 5037 2428 5072 11·

1364 5125 1449 5178 vitate
1469 5125 1505 5178 aal
1524 5124 1592 5176 alias
1612 5122 1738 5177 civitates
1758 5122 1878 5177 voluerit
1896 5130 1946 5176 aut
1964 5123 2120 5196 provincias
2142 5135 2280 5193 pergeres
2304 5105 2428 5199 8111111111ς

1364 5213 1402 5280 (oa
1427 5209 1562 5281 episcopi)
1588 5207 1631 5260 sui
1656 5207 1779 5279 epistolis
1804 5207 2020 5262 commendetur.
2074 5203 2157 5272 Qvod
2183 5205 2208 5259 si
2233 5203 2295 5258 sine
2320 5188 2428 5284 epitissbl

1364 5293 1506 5366 profectus
1525 5293 1613 5347 fueris
1632 5291 1786 5344 manifestis
1805 5293 1853 5362 (-
1872 5291 1988 5346 luerunt
2007 5291 2103 5363 igitur,
2125 5287 2174 5363 gri
2191 5281 2377 5360 supposititias
2392 5273 2428 5327 tu·

1366 5385 1439 5432 teras
1458 5379 1664 5450 pretenderent
1683 5379 1744 5445 -),
1765 5377 1844 5431 nullo
1864 5375 1944 5430 modo
1963 5371 2144 5446 recipiatur;”
2163 5387 2242 5426 cone
2264 5365 2427 5451 Caesones·

1366 5479 1389 5516 e.
1412 5463 1461 5517 iba
1481 5471 1533 5518 “ut
1553 5463 1648 5518 nullus
1667 5460 1783 5515 alterius
1802 5461 1937 5517 clericum
1955 5459 2079 5514 retinere
2099 5463 2264 5530 presumat,
2284 5453 2354 5506 sicut
2371 5453 2428 5514 1³¹¹ir

1365 5547 1405 5600 eis
1425 5554 1467 5600 cst
1485 5547 1638 5600 canonibus
1657 5553 1806 5609 statutum,
1827 5562 1879 5599 nec
1895 5545 1930 5597 ad
1949 5561 2058 5598 sacrum
2075 5541 2204 5595 ordinem
2220 5539 2283 5592 sine
2299 5527 2427 5587 voluntate

1364 5630 1485 5704 episcopi
1504 5631 1547 5684 sui
1566 5631 1678 5705 penitus
1697 5627 1887 5702 promovere-'¹

1414 5769 1433 5820 ⁹)
1446 5767 1538 5810 raedam
1556 5781 1573 5810 s.
1593 5767 1654 5809 frida
1671 5781 1688 5809 s.
1705 5763 1781 5808 fredus
1795 5778 1813 5806 s.
1831 5763 1902 5808 fridus
1919 5771 1950 5808 est
1965 5762 2055 5812 meleta,
2072 5757 2209 5816 competitio,
2225 5769 2267 5812 qva
2279 5754 2328 5797 fiseo
2340 5741 2427 5818 aniate·

1447 5847 1495 5946 g:
1508 5848 1609 5945 m·
1624 5835 1728 5894 ιιιωιμ
1743 5833 1889 5888 menn-a,
1905 5831 1940 5876 vu
1956 5831 1983 5874 a·
1996 5830 2096 5874 vunnu
2108 5840 2179 5884 μω
2194 5825 2283 5877 (ιιι-ι.
2295 5819 2354 5876 ene
2366 5807 2428 5870 ,nte
