5002 6366
399 439 519 535 Neque
539 453 656 514 tamen
669 443 814 528 Carolus
829 451 923 512 tanta
944 441 1152 532 antiquitatis
1178 437 1366 510 reverentia
1391 437 1543 508 imbutus
1571 447 1653 526 erat,
1676 448 1724 527 ut,
1748 463 1822 532 qve
1847 440 1985 530 antiqva
2011 449 2124 510 essent
2150 441 2308 529 instituta,
2329 444 2397 516 hac
2412 471 2461 540 per

247 566 285 612 se
309 540 420 628 utilia,
445 546 558 635 proba
582 567 625 613 ac
647 543 822 614 laudanda
847 541 1001 618 haberet.
1053 545 1172 634 Neque
1195 542 1411 628 antiqvorum
1438 549 1574 628 patrum
1600 544 1739 610 nomina
1764 546 1849 610 tanti
1867 542 2033 626 faciebat,
2056 551 2094 610 ut
2119 565 2241 632 susque
2257 543 2462 635 deqvehaba-

246 642 321 728 ret,
348 643 430 732 qvid
452 645 526 734 ipse
552 656 672 714 auctor
699 645 966 736 religionisaut
986 643 1089 731 primi
1112 640 1187 732 ejus
1213 661 1391 731 precones
1414 638 1648 708 instituissent.
1701 642 1820 731 Neque
1845 642 1968 734 igitur,
1997 665 2071 731 qvas
2102 643 2245 732 antiquis
2275 649 2461 736 temporibus

247 741 401 810 instituta
423 757 519 812 erant
544 767 607 836 per
633 769 669 814 se
695 746 775 822 satis
798 743 910 834 proba
933 752 967 809 et
989 743 1151 828 honesta,
1179 743 1218 808 iis
1240 737 1457 830 praeferenda
1485 762 1558 806 esse
1581 739 1747 826 ducebat,
1775 765 1850 832 qvae
1871 741 1917 809 ad
1936 742 2112 810 cardinem
2135 743 2307 834 religionis
2329 749 2461 838 proxime

246 843 474 934 pertinebant.
537 845 590 912 lta
624 869 826 936 quamquam
857 841 1044 928 ”cantandi
1071 841 1291 932 disciplinam
1325 839 1464 907 minime
1491 841 1779 909 contemnendam
1815 843 1877 910 sed
1905 841 2112 910 omnimodis
2142 845 2358 913 exercendam
2381 855 2461 915 esse”

247 953 417 1028 censeret,
456 956 571 1014 tamen
597 945 840 1036 ”imperfecu'o
871 944 1033 1021 cantandi
1061 933 1128 1033 ip'si
1150 941 1221 1009 visa
1247 950 1299 1008 est
1320 939 1534 1008 tolerabilius
1561 940 1705 1010 serenda
1731 942 1996 1033 imperfectione
2021 942 2183 1010 vivendi”
2220 943 2414 1035 (capitular.
2432 947 2460 1018 ll

247 1040 379 1148 affl,
406 1048 435 1112 ό.
451 1043 525 1134 11).
579 1046 631 1114 lta
652 1045 808 1136 pulchris
829 1044 1050 1115 ecclesiarum
1073 1042 1226 1112 aediliciis
1253 1038 1604 1150 praeferendumease
1630 1044 1794 1110 censebat
1814 1045 2007 1112 ”bonorum
2029 1065 2166 1112 morum
2189 1049 2368 1131 ornatum’',
2391 1052 2460 1137 quia,

1642 1227 1877 1314 Quis
1964 1239 2257 1296 esset
2338 1243 2461 1298 sta

785 1447 797 1501 Ι
929 1359 957 1438 i)
1000 1361 1247 1430 ratione
1292 1356 1805 1439 presbyterorum.
1931 1442 1956 1496 Π

317 1535 403 1604 Major
420 1543 477 1592 erat
494 1538 580 1592 Caroli
598 1537 635 1592 Μ.
656 1539 747 1594 ιιΙιιίι
767 1515 850 1594 omnis
871 1536 959 1607 populi
983 1537 1024 1590 sni
1049 1552 1111 1588 cura
1132 1539 1159 1586 et
1180 1531 1337 1598 sollicitudo,
1439 1533 1465 1584 4.
1484 1532 1575 1586 ordini
1597 1535 1808 1602 presbyterorum
1825 1536 1930 1604 propria
1949 1533 2067 1612 qaedam
2081 1535 2141 1602 J'ura
2160 1551 2282 1590 concesse
2299 1542 2378 1588 erant:

247 1642 323 1694 qvam
341 1635 371 1681 nt
391 1630 518 1684 interioria
541 1629 638 1684 ordinis
665 1632 765 1686 clericis
789 1647 871 1700 neque
892 1631 979 1683 otncia
1001 1645 1049 1684 sna
1070 1628 1230 1694 injungeret,
1256 1641 1338 1692 neore

243 1719 305 1784 jura
319 1721 470 1776 vindicaret.
519 1722 607 1790 ltaque
630 1725 696 1777 ratio
719 1726 929 1792 presbyterorum
948 1722 973 1774 in
995 1722 1096 1789 legibus
1115 1719 1199 1772 Caroli
1218 1719 1256 1770 Μ.
1280 1717 1337 1770 dili·
1393 1708 1397 1714 ’

245 1815 339 1876 genter
357 1809 486 1881 descripta
502 1822 552 1868 eat.

289 1905 314 1956 1.
331 1903 450 1960 Muneris
465 1925 551 1962 eorum
569 1909 663 1976 officie
678 1910 735 1962 bec
752 1913 845 1964 erent:

315 1995 343 2064 a)
357 1995 474 2054 Sollicite
491 1998 592 2068 ridere,
617 2008 648 2054 nt
663 2002 764 2064 elerici,
788 2015 852 2067 oros
870 2012 959 2052 secum
974 1991 1120 2070 bibebant,
1137 2001 1225 2060 caste,
1252 1993 1293 2061 pie
1310 1997 1338 2045 et

262 2116 265 2124 ·
356 2091 479 2146 amnica
495 2095 608 2146 virerent
624 2089 778 2162 (Capituli
802 2107 826 2143 a.
844 2091 911 2154 8⁰2,
929 2088 1006 2153 capit.
1024 2086 1085 2152 ime

316 2181 346 2248 b)
362 2189 433 2236 recte
452 2191 480 2237 et
497 2182 607 2240 boneste
627 2185 782 2253 praedicare,
809 2182 919 2236 manime
937 2177 1145 2247 christologiam,
1174 2184 1335 2231 mortuorum

357 2277 607 2345 mancationem,
623 2278 750 2348 supplicia
765 2276 885 2330 ritlornm
901 2281 928 2326 et
946 2273 1050 2343 premia
1066 2271 1208 2332 virtutuma
1223 2285 1273 2322 non
1291 2285 1336 2322 su·

357 2375 411 2438 terp
428 2385 494 2422 acra
512 2376 540 2422 et
556 2385 608 2423 nou
624 2369 747 2424 canoniea
763 2383 798 2420 ex
817 2383 866 2420 suo
883 2381 961 2420 sensu
978 2371 1006 2418 et
1023 2379 1073 2418 non
1094 2361 1237 2416 secundum
1256 2359 1338 2427 scrip·

246 2533 248 2540 .
358 2467 431 2514 tures
448 2477 534 2514 sacras
549 2463 647 2528 lingere
661 2469 688 2515 et
706 2459 802 2528 populo
819 2457 990 2527 predicaret
1032 2455 1091 2525 lpsa
1108 2463 1196 2508 autern
1213 2451 1336 2521 praedica-

357 2553 395 2607 tio
414 2554 533 2622 frequens
551 2570 608 2606 ease
625 2551 716 2607 debuit
724 2550 748 2618 ⁸,
767 2559 795 2606 et
813 2549 910 2618 ’'juata
927 2547 995 2618 qvod
1012 2551 1078 2603 bene
1097 2546 1209 2615 ιιιιιιίι
1224 2544 1335 2615 populas

357 2645 502 2712 intelligere
519 2647 636 2714 pcaait¹’⁴
656 2645 815 2713 compositu

318 2736 346 2802 c)
360 2738 560 2792 '’mutuatibus
578 2737 682 2806 diguam
701 2735 885 2806 poeniteutiam
901 2731 1049 2788 indicere”l
1069 2745 1150 2801 neqve
1167 2745 1199 2784 ea
1216 2727 1336 2798 prodere,

357 2843 413 2896 qve
427 2831 467 2882 vel
486 2830 596 2884 latrones
614 2829 677 2899 ipsis
695 2828 804 2883 confessi
823 2829 950 2892 essent⁸;

319 2917 506 2988 machmas,
530 2924 562 2974 ab
578 2923 709 2991 episcopis
726 2929 878 2988 acceptum,
902 2919 951 2972 sub
968 2917 1054 2984 sigillo
1072 2912 1235 2976 custodire”;
1262 2920 1335 2968 erant

360 3019 464 3082 autem,
478 3009 586 3082 qri'hoc
600 3013 634 3068 ad
650 3013 805 3068 medendum
820 3009 968 3066 hominibus
986 3009 1208 3073 distribuerent¹3

320 3105 348 3170 ι)
363 3105 495 3160 ”infirmos
512 3106 569 3160 cieo
586 3107 745 3160 sanctificato
764 3104 993 3158 concretionibus
1011 3087 1149 3167 diiigenter
1166 3101 1335 3166 ungrere”⁸3

318 3195 348 3264 i)
363 3199 487 3252 ”infirmia
509 3199 628 3252 amnibus
650 3207 710 3254 ante
734 3201 833 3254 exitum
855 3198 914 3250 rite
936 3195 1058 3249 uiaticum
1080 3201 1108 3246 et
1129 3193 1335 3244 communionem

359 3292 475 3360 corporis
490 3288 589 3346 Christi
604 3289 769 3354 tribuere”⁰;

318 3381 350 3450 g)
363 3383 557 3438 ”ordinabiliter
573 3385 735 3452 bsptismatis
753 3387 942 3436 sacramentnm
958 3381 1096 3448 agere”¹⁰,
1114 3391 1165 3430 non
1182 3359 1267 3430 antem
1286 3373 1335 3428 nisi

358 3481 475 3544 tempore
493 3473 622 3544 paschatis
640 3483 667 3530 et
685 3481 850 3544 pentecostes
861 3475 900 3540 ¹¹,
917 3473 1034 3540 exceptis
1052 3477 1137 3524 ιιιιιιι
1156 3466 1317 3528 iutirmis¹²s

319 3563 351 3635 h)
367 3565 498 3634 ’'qrcssdie
517 3584 564 3636 pro
584 3569 707 3636 episcopo
728 3583 776 3620 ano
795 3567 954 3636 precari”¹⁸,
970 3580 1017 3618 nec
1036 3579 1093 3616 raro
1111 3578 1159 3632 pro
1176 3561 1286 3628 rege¹⁴t

319 3657 347 3724 i)
362 3657 469 3712 Missam
487 3659 629 3728 celebrare,
654 3666 808 3713 nouantem
826 3658 874 3712 nisi
892 3657 936 3710 ”in
952 3657 1014 3710 locis
1030 3658 1086 3710 Dec
1102 3653 1212 3706 dicatis”
1229 3661 1290 3718 aut,
1314 3650 1337 3705 si

357 3751 409 3804 iter
423 3751 551 3817 iacerent,
569 3751 612 3806 ”in
630 3752 800 3806 tabernaculis
817 3759 844 3804 et
857 3751 953 3804 mensis
968 3747 1075 3816 lapideis
1091 3747 1261 3816 abepiscopo
1276 3760 1338 3798 coa·

358 3843 532 3897 secretum.

285 3937 312 3988 2
329 3933 394 3992 Qus
412 3937 437 3992 in
456 3936 823 4009 presbyteria-requirebantur
840 3935 963 4000 virtutes,
979 3929 1020 3986 lice
1035 3939 1123 3985 erant:

320 4029 347 4096 a)
358 4015 480 4082 'doctriua
489 4029 605 4097 modica3
619 4029 762 4082 sufficiebat
771 4029 848 4094 enim,
863 4029 885 4081 si
895 4035 995 4080 ”totum
1007 4026 1165 4094 psalterium,
1174 4023 1336 4092 signaculum

359 4129 387 4178 ei
404 4122 583 4192 baptisterium
601 4123 749 4176 memoriter
766 4127 897 4186 tenerent,
918 4117 1099 4188 poenitentiale
1115 4133 1208 4184 aarum,
1232 4125 1336 4170 cantum

361 4222 389 4266 et
405 4221 556 4282 computum
574 4215 638 4268 bene
657 4213 818 4276 scirent’sst,
836 4219 864 4263 et
879 4210 930 4264 ”de
945 4210 1030 4263 diuina
1045 4211 1173 4276 scriptura
1188 4217 1215 4262 et
1234 4209 1335 4262 canoni-

361 4305 410 4356 bus
427 4303 498 4358 docti
515 4313 618 4358 aasent”
631 4307 676 4368 ¹⁷3
754 4297 760 4312 '

320 4396 350 4462 b)
365 4412 465 4450 morum
483 4399 614 4468 probitum
640 4405 669 4450 ut
684 4397 766 4450 nullas
782 4398 808 4450 in
826 4395 903 4449 domo
921 4412 968 4450 sua
988 4395 1107 4449 mulieres
1125 4400 1216 4472 ”esna
1234 4394 1336 4447 canoni·

361 4503 418 4542 cam
434 4490 578 4544 licentiam”
596 4492 638 4558 (ot
655 4497 749 4557 praeter
769 4497 886 4554 matrem,
902 4502 1016 4541 sororem
1034 4495 1061 4539 et
1080 4485 1233 4553 emissan)
1246 4501 1334 4539 secum

360 4580 528 4645 habereut¹⁰,
543 4599 624 4650 neqve
639 4593 685 4634 aut
702 4561 861 4650 baptismum
879 4587 924 4633 aut
941 4579 1052 4648 ”aliquid
1070 4578 1197 4632 donorum
1215 4579 1334 4646 spiritua·

362 4675 442 4726 lium”
460 4673 745 4742 presto-verdensem,
760 4689 824 4725 neue
844 4675 963 4728 tabernas
979 4672 1176 4740 ingrederentur
1186 4673 1233 4738 ¹¹5

321 4768 348 4834 c)
363 4769 514 4835 obsequium
532 4769 558 4820 in
575 4749 711 4836 episcopos
726 4766 851 4833 (Capitol.
870 4766 988 4833 aquisgr.
1007 4763 1153 4832 capituti),
1170 4779 1243 4830 qrcs,
1261 4778 1334 4831 paro-

361 4859 433 4916 chias
448 4860 594 4928 visitantes,
619 4867 737 4929 prompte
753 4858 931 4926 ”susciperent
947 4873 1007 4910 cum
1027 4858 1177 4912 collectione
1192 4861 1220 4910 et
1233 4855 1335 4922 adjuto·

364 4955 403 5008 ric
417 4954 521 5024 populi,
537 4954 578 5022 qri
594 4955 629 5020 ibi
646 4950 858 5005 confirmaretud'
872 4950 930 5016 (cir.
951 4965 976 5018 p.
991 4951 1046 5016 ιι).

287 5053 313 5100 a.
329 5049 368 5102 De
385 5045 542 5117 presbyteris
563 5043 712 5096 muneribus
729 5044 783 5096 suis
804 5041 990 5112 praeficiendis,
1014 5043 1114 5110 legibus
1134 5041 1261 5096 sancitum
1282 5046 1336 5094 ests

322 5143 350 5204 a)
365 5147 413 5193 ’‘ut
426 5154 503 5194 nemo
520 5137 631 5206 accipiat
646 5135 781 5189 ecclesiam
804 5137 870 5188 intra
891 5129 1038 5204 parochiam
1059 5135 1115 5188 sine
1135 5149 1261 5188 consensu
1282 5133 1337 5200 epi-

363 5233 436 5302 scopi
450 5231 508 5286 sni”
517 5231 563 5297 ¹²3

324 5321 354 5384 b)
369 5331 417 5376 ”ut
431 5338 538 5388 eorum,
552 5321 594 5389 qsi
604 5319 637 5377 ad
651 5317 822 5374 ordinandum
838 5319 885 5386 (cs
902 5325 932 5371 ut
946 5315 1113 5384 ordinentur)
1130 5317 1251 5384 veniunt,
1271 5319 1336 5373 tides

366 5421 394 5466 et
401 5415 454 5467 rita
462 5415 533 5482 prius
543 5413 705 5483 abepiscopo
713 5409 1035 5480 diligenterdiscntiantnr,
1044 5419 1070 5464 et
1080 5411 1117 5462 sic
1125 5405 1335 5474 ordinentnr'mr

324 5509 352 5572 c)
368 5512 417 5558 ”ut
435 5505 578 5559 nullatenus
597 5508 732 5573 presbyter
752 5504 887 5558 ordinetur
911 5509 972 5556 ante
995 5501 1153 5556 tricesimum
1176 5506 1259 5558 aetatis
1282 5521 1336 5559 sure

338 5630 341 5640 ,
364 5599 531 5658 wmarus,

230 5743 240 5760 ,
325 5689 356 5752 d)
372 5689 423 5742 ”de
445 5689 533 5742 liberis
549 5685 710 5756 bominibus,
735 5691 778 5757 qri
797 5689 830 5742 ad
851 5690 982 5744 servitium
1000 5688 1048 5742 Dei
1072 5702 1100 5742 se
1117 5685 1219 5742 tradere
1239 5690 1335 5756 volunt,

364 5790 395 5835 ut
413 5781 484 5850 prins
501 5777 551 5832 boc
568 5765 620 5834 nod
639 5781 750 5846 iaciant,
768 5798 842 5849 qvam
859 5783 961 5836 anobis
978 5781 1020 5847 (cr
1038 5779 1189 5846 Carololll.)
1208 5781 1335 5836 licentiam

367 5873 571 5944 postulent’'²⁵.'

1470 1627 1498 1692 a)
1517 1619 1596 1681 ”boni
1612 1633 1639 1679 et
1654 1625 1743 1680 tideles
1760 1629 1931 1695 presbyteris,
1957 1631 1979 1681 ai
1996 1629 2132 1682 criminum
2150 1630 2264 1682 accusati
2286 1619 2379 1692 essem,
2399 1642 2459 1692 nequ

1511 1725 1592 1772 testes
1611 1717 1697 1786 idonei
1713 1718 1850 1787 adessent,
1876 1729 2038 1774 sacramento
2056 1730 2108 1776 ”ae
2127 1729 2260 1790 purgare”
2275 1737 2305 1774 c:
2320 1721 2458 1774 innocentian

1512 1827 1586 1863 suam
1604 1827 1713 1878 arguere
1731 1815 1906 1880 poteraut¹⁶3

1473 1899 1502 1966 b)
1517 1900 1625 1955 diacono
1644 1919 1695 1956 non
1714 1905 1807 1958 licebat
1831 1907 2010 1973 presbyterum
2028 1921 2150 1958 accusare
2155 1922 2166 1974 5
2190 1911 2324 1958 accusatus
2341 1920 2393 1957 rero
2408 1920 2457 1972 pree

1513 1995 1589 2060 byter
1603 1995 1659 2048 sine
1680 1996 1975 2066 quadragintaquatuor
1994 1999 2106 2054 virorum
2125 1999 2282 2052 testimoniis
2303 1996 2403 2050 demirari
2422 2011 2457 2048 ron

1448 2079 1456 2101 “¹
1512 2088 1670 2154 poterat”;

1471 2179 1498 2246 c)
1517 2179 1538 2231 si
1557 2177 1617 2246 qnid
1635 2180 1685 2233 iilis
1708 2187 1754 2234 ant
1778 2179 1948 2236 ”homiuibus
1963 2197 2053 2236 eorum
2061 2191 2078 2218 ”
2096 2181 2194 2252 injuste
2213 2182 2360 2244 auferretur,
2376 2181 2410 2232 ”in
2423 2178 2455 2231 dt·

1512 2269 1582 2340 plum
1601 2271 1703 2324 restitui
1723 2271 1893 2341 debebat¹⁸3

1467 2360 1497 2428 d)
1511 2363 1533 2414 si
1550 2364 1607 2432 quia
1623 2368 1773 2433 presbyter,
1792 2366 1857 2419 liber
1874 2374 1959 2434 natus,
1976 2366 2175 2432 interficeretur,
2194 2367 2288 2435 ”tripla
2304 2361 2454 2432 compositione

1510 2454 1653 2509 meandum
1673 2455 1756 2524 legem
1775 2467 1875 2534 suam”,
1890 2465 1927 2522 et,
1942 2474 2032 2512 servus
2050 2465 2135 2526 natus,
2153 2459 2233 2528 tripla
2247 2458 2411 2526 conpositione
2424 2467 2452 2504 se

1510 2547 1624 2600 cundum
1642 2550 1801 2604 nativitatem
1818 2567 1890 2604 suam
1913 2551 2155 2618 componereturfl.
2193 2549 2269 2606 Qvod
2284 2552 2363 2618 ipsun
2381 2549 2401 2598 in
2413 2545 2455 2610 lest

1513 2639 1600 2694 Salina
1616 2641 1736 2710 (Lvttt,
1755 2641 1788 2712 1)
1803 2647 1874 2697 24⁰0
1891 2643 2003 2698 denariis
2021 2657 2050 2695 cr
2069 2648 2122 2696 600
2136 2643 2229 2696 solidis
2247 2643 2301 2697 lieri
2318 2643 2399 2695 debere
2413 2653 2454 2689 ιιι

1509 2732 1631 2786 stitutum
1650 2741 1700 2786 ιιι.

1437 2823 1464 2873 a.
1492 2820 1557 2874 llaec
1575 2826 1661 2878 omnia
1676 2825 1739 2882 satis
1755 2829 1886 2896 prebeat,
1912 2844 1987 2894 osam
2004 2835 2072 2882 esset
2087 2827 2200 2881 carolus
2216 2828 2351 2896 imperator
2366 2820 2451 2886 dejesta

1400 2913 1499 2966 ratione
1516 2917 1725 2982 presbyterorum
1742 2921 1878 2973 sollicitus.
1911 2920 1946 2973 Et
1965 2921 2085 2976 uidentur
2101 2921 2207 2989 qsidern
2226 2919 2253 2974 lui
2272 2935 2326 2973 raro
2341 2911 2454 2969 mntnnab

1399 3005 1529 3074 episcopis
1541 3006 1647 3074 iujurias
1662 3009 1731 3076 passi
1740 3009 1864 3066 tricem.
1905 3013 1958 3066 Sed
1971 3015 2109 3082 imperialia
2127 3013 2244 3082 dignitas
2260 3029 2338 3080 neqre
2353 3004 2454 3078 prohibet!

1400 3098 1503 3166 potuit,
1523 3101 1582 3167 qvia
1600 3103 1744 3170 presbyteri
1762 3120 1778 3155 a
1795 3103 1866 3158 laicis
1884 3101 2032 3159 hominibus
2053 3108 2163 3175 plurima
2185 3107 2251 3158 mala
2270 3111 2412 3174 paterentur,
2425 3111 2454 3146 ιι

1400 3205 1448 3255 qre
1463 3192 1579 3255 efficere,
1607 3200 1635 3246 ut
1651 3195 1700 3262 ipsi
1718 3211 1765 3248 sua
1782 3205 1872 3249 sancte
1892 3198 1979 3251 officia
1995 3207 2134 3252 seruarent.
2180 3197 2263 3252 Erant
2283 3197 2323 3265 qui
2338 3193 2453 3262 '’pselli“

1400 3297 1442 3334 ros
1461 3281 1494 3336 de
1505 3285 1626 3342 ecclesus.
1635 3286 1774 3353 ejicerent¹
1792 3296 1819 3342 et
1832 3289 1896 3341 aiios
1909 3291 2159 3358 constituerent’ffl,
2183 3292 2233 3360 ipsi
2248 3297 2332 3345 autem
2347 3275 2454 3355 pretiiteri

1401 3383 1536 3444 petentum
1558 3379 1669 3433 uirorum
1689 3380 1831 3447 patrocinio
1856 3382 1960 3450 coutisl,
1987 3398 2033 3452 per
2056 3400 2135 3451 agros
2152 3392 2183 3438 ιι
2202 3384 2317 3437 ciuitates
2336 3369 2454 3444 ιιιςιῐῐι’ΙΙΙ

1399 3469 1536 3551 episcopos
1554 3487 1616 3524 suos
1634 3472 1722 3525 multis
1741 3473 1826 3526 modis
1843 3475 1976 3542 superbire
1995 3481 2022 3528 et
2034 3483 2203 3530 contumaces
2218 3493 2246 3529 ae
2262 3488 2349 3542 gerere
2362 3467 2454 3522 rolcbsst

1401 3559 1476 3616 Qvod
1503 3562 1648 3630 frequenter
1673 3566 1770 3618 tactum
1797 3581 1869 3634 esse,
1896 3566 1956 3619 inde
1975 3572 2062 3635 patet,
2087 3567 2156 3635 qrod
2177 3569 2295 3638 repetitis
2312 3565 2398 3618 vicibus
2412 3555 2453 3608 teti

1399 3659 1443 3704 tur
1458 3653 1522 3721 (vm.
1540 3653 1630 3708 ustus.
1648 3656 1664 3710 ι.
1681 3675 1703 3709 c.
1724 3675 1784 3726 pag.
1803 3661 1867 3728 rsa,
1887 3663 1953 3727 roc,
1975 3661 2043 3726 sao,
2066 3662 2135 3722 aas,
2155 3664 2229 3744 ιιι,
2251 3665 2317 3724 ιιι,
2339 3658 2397 3718 asa,
2413 3649 2454 3710 ui

1400 3747 1466 3812 ³69,
1484 3749 1537 3798 ⁶15
1551 3754 1578 3800 et
1594 3749 1653 3802 alibi
1674 3750 1789 3818 marim).
1800 3779 1834 3790 -
1844 3753 1881 3804 ,te
1895 3751 1985 3818 maiori
2000 3752 2107 3806 audacis
2123 3750 2175 3806 lucc
2190 3752 2387 3814 committebant,
2400 3739 2452 3809 qud,

1400 3836 1434 3889 ad
1457 3837 1564 3892 clericos
1587 3841 1692 3910 capellae
1715 3845 1783 3910 regia
1808 3845 2001 3911 confugientes,
2023 3845 2179 3914 episcopalis
2204 3841 2384 3912 jurisdictioais
2403 3829 2453 3888 libtfi

1400 3938 1494 3982 esseut.
1534 3931 1650 4002 Namque
1668 3936 1772 4003 capelle
1791 3955 1812 3989 ι
1831 3935 1932 3990 ascellae
1948 3937 2034 4004 regia,
2051 3937 2098 4000 (cr¹
2111 3937 2212 3990 ’'sacras
2233 3939 2259 3990 in
2275 3934 2370 4006 palatiis
2387 3937 2408 3981 et
2424 3925 2451 3974 rit

1400 4021 1445 4088 lis,
1465 4041 1572 4092 quarum
1589 4028 1710 4095 plurimas
1726 4037 1753 4081 et
1768 4029 1823 4082 lere
1838 4029 1864 4080 in
1882 4029 1993 4094 qualibet
2011 4031 2143 4097 provincia
2161 4047 2240 4098 reges
2255 4027 2385 4090 habebant,
2399 4017 2452 4072 edm

1399 4113 1425 4168 iu
1442 4117 1534 4184 quibus
1551 4119 1666 4187 reliqisa,
1682 4137 1738 4188 qum
1756 4136 1843 4173 secum
1860 4117 1953 4174 deterri
1969 4138 1985 4173 a
2001 4121 2139 4190 capellanis
2155 4123 2297 4182 curabant,
2319 4113 2451 4172 reconderat

1399 4214 1426 4260 et
1441 4215 1664 4280 arremarensem)
1681 4213 1735 4265 lere
1750 4227 1852 4281 semper
1866 4213 1899 4265 ab
1913 4215 2096 4291 episcoporum
2107 4214 2293 4282 jurisdictione
2308 4219 2333 4265 et
2348 4199 2449 4262 essentn-

1401 4300 1449 4353 bus
1466 4303 1689 4373 eximebantur²⁸,
1703 4312 1731 4357 et
1746 4306 1800 4358 siue
1816 4303 1895 4359 dubio
1911 4308 1946 4359 ob
1962 4323 2020 4360 eam
2036 4322 2150 4373 causam,
2168 4307 2239 4376 qvod
2249 4302 2367 4372 capellani
2378 4307 2405 4360 p:
2416 4292 2447 4340 ⁰¹²¹

1400 4393 1460 4460 rici,
1485 4393 1527 4462 qri
1542 4395 1567 4446 iu
1586 4395 1686 4448 sacellis
1706 4397 1857 4466 palatiorum
1879 4400 1958 4451 sacris
1977 4397 2131 4468 peragendis
2149 4399 2244 4452 ciliciis
2263 4409 2362 4466 operam
2376 4381 2451 4444 dliii)

1399 4485 1446 4538 viri
1467 4484 1594 4552 dignitate
1609 4488 1736 4556 illustres,
1759 4491 1876 4559 episcopi
1892 4497 1939 4545 aut
1964 4493 2085 4554 abbates,
2107 4499 2190 4545 erant.
2228 4489 2282 4544 Sed
2304 4485 2375 4555 quari
2393 4487 2450 4532 unsa

1400 4585 1503 4648 potest,
1522 4587 1608 4632 utrum
1627 4563 1770 4656 presbyten
1785 4578 1836 4636 huc
1852 4585 2032 4650 confugerint,
2057 4593 2096 4639 ut=
2110 4585 2244 4638 canonicae
2266 4575 2400 4638 auctoritati
2416 4569 2451 4634 til·

1400 4687 1538 4738 scoporum
1556 4670 1651 4737 injuste
1671 4689 1700 4725 se
1717 4673 1900 4744 subducerent,
1916 4693 1948 4728 an
1964 4684 2071 4746 propter
2088 4673 2204 4744 injurias,
2223 4693 2286 4745 qvas
2304 4675 2389 4742 injuste
2403 4673 2452 4734 pate

1400 4773 1504 4831 rentur,
1518 4765 1699 4834 episcoporum
1718 4768 1857 4836 confugere
1875 4775 2038 4834 cogerentur.
2078 4769 2115 4822 Ut
2132 4785 2194 4845 serp
2215 4767 2274 4824 bec
2293 4785 2333 4822 res
2349 4781 2374 4817 se
2391 4757 2449 4818 hilii

1400 4857 1509 4910 Carolus
1527 4857 1684 4926 presbyteris
1702 4859 1746 4911 tali
1762 4860 1885 4930 coniugio
1907 4861 2020 4928 graviter
2036 4859 2169 4914 interdixit
2196 4861 2222 4914 iu
2244 4858 2347 4928 capitul.
2361 4845 2450 4908 Franci
2471 4897 2472 4907 .

1400 4966 1424 5003 a.
1446 4954 1513 5014 tot,
1531 4951 1608 5019 capte
1626 4954 1674 5002 ³6:
1700 4949 1751 5004 ”de
1769 4953 1940 5020 presbyteris,
1965 4953 2007 5020 qvi
2025 4961 2192 5006 contumaces
2210 4953 2308 5007 inerint
2325 4955 2403 5002 contra
2415 4937 2450 5004 epi

1401 5059 1494 5110 scopos
1515 5058 1591 5109 snos,
1618 5057 1774 5109 neqraqram
1794 5046 2016 5100 communicentur
2041 5061 2100 5100 cum
2127 5045 2247 5113 clericis,
2273 5043 2313 5112 qvi
2336 5043 2359 5093 in
2382 5031 2451 5102 capell

1400 5136 1470 5202 regis
1485 5131 1616 5200 habitant,
1634 5134 1682 5186 nisi
1699 5137 1856 5192 reconciliati
1871 5139 1968 5192 inerint
1982 5139 2015 5191 ab
2030 5140 2153 5208 episcopo
2170 5153 2230 5204 suc,
2245 5125 2451 5190 retonsarum
2470 5173 2471 5194 ,

1399 5229 1631 5282 excommunicatio
1651 5243 1729 5296 super
1744 5245 1788 5282 eos
1803 5229 1898 5284 exinde
1916 5233 2025 5286 veniat”.
