4986 6384
37 486 164 562 cri
259 483 711 578 ordinis,

37 683 280 752 vicol’io
323 692 502 752 esaei.

35 922 75 990 ejas
87 927 181 991 parma,
195 919 355 989 mximaqre
368 920 395 974 in
412 920 495 976 itaiim
510 920 644 990 regionem
661 923 726 995 iapsi
742 929 832 994 erant,
851 925 909 993 ejas
925 923 1084 980 murima
1101 924 1154 993 [et]
1168 923 1325 996 per-iiiam
1342 924 1400 991 ejirs
1419 924 1556 997 diiipauw
1569 924 1792 997 perpet-creatu,
1807 931 1836 980 et
1849 925 1876 980 iu
1895 925 2057 996 presentiam
2074 925 2131 996 ejus
2149 927 2234 984 venire

35 1026 234 1097 ospeliarestam
250 1031 277 1079 et
292 1041 340 1094 per
356 1025 413 1092 ejns
427 1025 588 1080 clementiam
608 1026 744 1097 unicniqre
763 1029 893 1098 ecciesiae,
908 1045 925 1082 a
941 1045 992 1098 qva
1009 1045 1057 1098 per
1071 1027 1258 1083 conmmaciam
1277 1027 1437 1096 deiecerant,
1455 1028 1661 1085 ammata?
1677 1028 1752 1097 (ibid.
1768 1028 1813 1081 iih.
1830 1028 1884 1098 111,
1898 1049 1922 1083 c.
1941 1032 1993 1099 13).
2219 1083 2221 1088 2

115 1131 140 1184 i.
166 1131 204 1184 ab
219 1130 299 1185 attero
315 1145 376 1184 vero
391 1135 464 1199 parte
478 1129 594 1200 epiceopi
603 1130 707 1197 jndicio
725 1137 781 1185 turs
797 1131 963 1214 imperatorie
980 1151 1056 1203 quava
1065 1133 1188 1202 jsdv'cssa
1202 1131 1316 1186 ainr'iiars
1332 1131 1373 1187 e'tu
1389 1150 1419 1189 ee
1435 1133 1588 1188 srdtrnhera
1602 1134 1773 1198 cominatur,
1788 1115 1879 1184 ethos
1892 1148 1940 1185 rao
1951 1133 2040 1202 patina
2048 1133 2230 1202 judicia-eud-

32 1235 92 1301 J't'ttrt
104 1235 201 1290 veiim.
240 1231 277 1287 Et
292 1231 343 1288 hoc
358 1232 461 1304 qvidem
477 1248 511 1287 ex
531 1241 604 1303 parte
619 1235 650 1288 iis
668 1237 801 1290 successit.
851 1236 939 1291 Quum
953 1237 1021 1291 enim
1037 1238 1176 1306 epiecopus
1194 1234 1295 1304 qvidam
1309 1237 1336 1289 in
1352 1237 1504 1301 Wasccaia,
1528 1239 1630 1291 nornine
1645 1233 1785 1302 iohannes,
1809 1232 1962 1290 ”inhoneste
1980 1244 2008 1291 et
2024 1236 2139 1292 inaudite
2162 1251 2232 1290 mor·
2295 1259 2306 1268 -

35 1337 126 1392 dridatns
142 1345 235 1404 essev‘,
251 1338 365 1407 pieriqra
383 1335 569 1407 archiepiscopi
587 1339 676 1392 Gaiiiu
690 1348 718 1394 et
726 1340 883 1408 Germaniae,
901 1341 1038 1396 conciiinm
1054 1339 1088 1394 ad
1103 1336 1254 1394 Theodouia
1268 1341 1353 1403 viliam
1368 1360 1393 1396 a.
1408 1345 1461 1396 822
1475 1339 1613 1409 hahentes,
1630 1339 1811 1402 decreverunt,
1827 1353 1856 1390 ae
1871 1337 2051 1406 imperatorem
2066 1341 2142 1395 enixe
2158 1355 2235 1408 roge·

35 1450 87 1497 turos
100 1460 168 1514 esee,
182 1444 238 1498 iore
259 1449 300 1506 nt,
319 1458 494 1513 quameunque
508 1442 627 1508 injuriam
643 1443 734 1511 aiiqris
748 1459 823 1497 sacro
840 1441 922 1498 ordini
943 1445 1064 1512 interret,
1076 1441 1158 1510 hujna
1176 1459 1258 1511 poena
1273 1443 1320 1510 (·—
1328 1447 1437 1515 pecnnia
1453 1465 1474 1500 s.
1490 1443 1642 1514 compceitio
1659 1455 1687 1500 et
1701 1443 1858 1514 poenitentis
1867 1441 1913 1509 —)
1926 1441 2124 1512 ”episcoporum
2135 1442 2235 1510 judicio

36 1545 250 1616 determinaretnr’23
274 1564 350 1617 qvam
379 1546 463 1614 legem
481 1545 630 1604 Lndoricna
649 1547 676 1600 iu
693 1546 827 1616 capitulari
842 1545 993 1601 'i'riburenai
1008 1565 1032 1603 a
1047 1552 1099 1618 323
1116 1548 1234 1602 sanciens
1249 1546 1350 1614 (haina.
1369 1547 1387 1603 i.
1407 1567 1431 1605 c.
1448 1569 1474 1620 p.
1492 1555 1625 1620 325-33)
1641 1551 1822 1618 episcoporum
1835 1543 1942 1612 indiciis
1960 1546 2041 1600 nauita
2056 1545 2236 1618 cognoscenda

35 1659 52 1704 et
61 1649 184 1718 judicanda
199 1650 343 1719 commisit,
366 1667 423 1719 qvae
437 1651 498 1704 oiim
514 1650 548 1704 ati
562 1650 681 1718 judicum
697 1649 833 1704 tribunalia
851 1651 1022 1720 pertinebant.
1065 1649 1166 1704 Deinde
1184 1652 1299 1721 episcopi
1317 1649 1452 1708 Ludovico
1475 1661 1504 1708 et
1525 1655 1585 1708 iiiiis
1606 1653 1663 1722 epis
1683 1651 1881 1721 proceribusque
1900 1649 1989 1717 popuii
2003 1650 2151 1718 exempinm
2168 1648 2236 1704 Cou-
2263 1649 2264 1658 ’

35 1755 114 1807 sundri
129 1753 166 1808 hi.
183 1751 335 1810 imitandum
354 1755 533 1822 proponebant
552 1754 663 1810 dicentia
681 1755 736 1823 (ap.
750 1753 838 1808 liuha.
853 1751 916 1809 hiri.
941 1755 1006 1810 ecci.
1031 1755 1077 1809 lib.
1096 1753 1137 1822 X,
1161 1773 1186 1809 c.
1200 1756 1246 1822 2)=
1274 1756 1363 1810 ”Dens
1386 1757 1522 1811 coustituit
1541 1773 1587 1812 voa
1607 1755 1770 1822 sacerdotes,
1796 1760 1824 1807 et
1843 1759 2001 1822 potestatam
2019 1754 2093 1808 vohis
2108 1753 2184 1808 dedit
2203 1753 2237 1810 de

35 1857 89 1910 aubia
103 1874 194 1926 qvoqve
208 1855 358 1926 iudicandir
385 1861 413 1910 et
429 1855 489 1911 idco
506 1871 554 1911 nos
574 1855 782 1924 (ce-imperator)
800 1873 816 1910 a
832 1858 905 1911 vobis
922 1863 993 1911 recte
1009 1856 1173 1925 indicamur,
1199 1874 1246 1914 voe
1263 1865 1351 1914 catera
1366 1877 1420 1912 aas
1430 1860 1542 1930 potentie
1555 1863 1590 1916 sb
1607 1833 1753 1915 'imisibsa
1769 1857 1892 1924 judiam·
1907 1871 1919 1910 .·
1925 1890 2057 1912 ........
2086 1855 2141 1911 Vos
2157 1857 2237 1913 atian

33 1960 87 2013 nobie
101 1977 114 2013 a
126 1961 178 2015 iieo
195 1959 251 2016 dati
268 1963 332 2017 aetia
349 1961 415 2030 liii,
429 1966 457 2014 et
471 1961 626 2044 poureuiena
643 1976 695 2014 non
711 1968 766 2028 est,
782 1967 813 2014 nt
827 1955 906 2014 homo
917 1959 1114 2028 jndicetDeos”
1129 1962 1223 2032 (Cone.
1241 1960 1302 2015 Par.
1322 1967 1418 2030 aaut,
1431 1963 1474 2018 iib.
1490 1963 1543 2034 111,
1561 1982 1583 2020 c.
1597 1965 1642 2034 3);
1657 1964 1725 2033 qvod
1745 1977 1807 2016 sano
1823 1957 1894 2015 haud
1911 1960 1967 2014 anei
1986 1961 2097 2014 inissem
2111 1961 2237 2029 proferre,

35 2065 71 2116 sisi
84 2065 221 2122 Lndovicus
234 2066 291 2134 jam
308 2073 369 2120 ante
383 2064 410 2118 id
426 2071 529 2132 tempus
542 2064 747 2132 judicioeornm
763 2065 863 2136 ipsese
879 2065 1037 2122 tradidisset.
1062 2066 1189 2120 Videlicet
1206 2049 1249 2120 hic
1264 2072 1336 2120 muto
1352 2065 1473 2136 supplicii
1489 2065 1643 2138 Bernhardi,
1657 2065 1726 2136 qvod
1743 2083 1771 2120 ee
1785 2081 1837 2120 non
1854 2061 2017 2133 prohibuisse
2033 2061 2148 2127 doiehat,
2166 2080 2236 2120 moe·

33 2181 74 2221 rore
87 2173 218 2238 augebatur
233 2159 368 2239 (Thepau.
383 2170 401 2224 i.
417 2187 440 2224 c.
456 2189 483 2240 p.
498 2169 579 2238 331),
602 2175 633 2224 nt
650 2169 677 2222 in
695 2169 824 2224 hitiniaco
847 2170 942 2239 paiatio
963 2185 1050 2224 coram
1063 2183 1157 2238 magua
1171 2167 1351 2239 episcoporum
1365 2177 1393 2225 et
1409 2186 1543 2239 procerum
1563 2172 1636 2240 regni
1652 2167 1818 2224 multitudine
1838 2167 1941 2236 ”paiam
1960 2184 1990 2221 se
2009 2183 2108 2221 emesae
2129 2168 2237 2222 confite·

33 2277 96 2336 reim,
116 2281 142 2328 et
156 2277 273 2329 imitatus
290 2272 438 2340 Theodosii
450 2274 613 2344 imperatoris
631 2272 795 2341 exemptum,
820 2271 1004 2340 poenitentiam
1026 2281 1192 2343 spontaneam
1210 2275 1369 2344 susciperev‘
1387 2273 1527 2340 (Hardnin.
1547 2273 1593 2342 tv,
1608 2292 1633 2343 p.
1654 2276 1721 2330 11141
1727 2291 1737 2337 3
1763 2273 1808 2326 cir.
1824 2269 1968 2340 Epichardi
1985 2271 2068 2326 annai.
2084 2269 2157 2325 ada.
2175 2276 2237 2338 822,

34 2372 77 2426 ic·
91 2393 113 2444 p.
126 2379 191 2446 wi).
231 2377 382 2432 Accedebat
398 2379 478 2448 impia
495 2375 620 2447 regnandi
635 2375 731 2444 cupido
745 2377 857 2430 tiliorum
872 2375 1014 2444 Lndorici,
1031 2379 1143 2432 maximo
1159 2383 1246 2430 tamen
1263 2373 1398 2444 iatharii,
1415 2375 1460 2430 diii
1478 2382 1541 2430 satu
1558 2380 1679 2442 maximi3
1703 2377 1761 2446 qvi,
1778 2381 1808 2429 ut
1826 2382 1926 2446 patrem
1942 2377 2049 2446 imperio
2066 2393 2161 2431 unere
2176 2371 2235 2448 poa-

35 2481 91 2544 mt,
105 2493 196 2548 neqve,
219 2482 242 2536 ai
261 2482 324 2536 soiia
338 2483 416 2537 aruris
432 2481 458 2536 id
474 2488 618 2548 tentarem,
642 2479 757 2548 speciem
771 2479 912 2548 impietatis
925 2481 975 2535 sibi
993 2477 1188 2547 conuehereut,
1212 2478 1281 2547 passi
1300 2483 1361 2532 snut
1378 2477 1492 2548 periidca
1508 2481 1660 2552 episcopos,
1688 2494 1796 2547 qvorurn
1811 2476 1863 2532 tide
1880 2485 2028 2548 uterentur,
2056 2485 2237 2536 crematorum

33 2579 163 2645 ctjndicun
180 2583 205 2638 iu
222 2583 388 2638 Lndovicum
405 2585 588 2654 imperatorem
605 2590 692 2653 partes
706 2581 839 2652 suscipere
851 2591 883 2640 et
897 2599 1030 2655 peragere.
1074 2583 1128 2636 ute
1144 2600 1170 2638 a.
1190 2588 1257 2650 330,
1284 2597 1364 2651 quum
1381 2580 1523 2637 liutharius
1543 2590 1571 2638 et
1585 2584 1694 2652 Ptpians
1716 2583 1751 2636 cb
1769 2581 1918 2636 divisionem
1939 2583 2012 2651 repsi
2028 2599 2052 2638 a.
2071 2585 2124 2636 333
2138 2582 2235 2640 tactu

33 2681 79 2744 (tid.
92 2701 114 2752 p.
128 2686 172 2753 31)
188 2687 264 2742 vaide
278 2687 439 2757 '‘indignati”
456 2695 558 2758 essent,
572 2687 728 2755 iiiiduians,
745 2685 979 2757 archirapaiiauns,
991 2689 1080 2755 iesse,
1094 2688 1175 2758 episc.
1191 2685 1385 2754 Ambiacemie,
1401 2695 1430 2742 et
1445 2685 1521 2740 maiti
1535 2688 1578 2741 aiii
1598 2684 1752 2757 compfflii
1769 2684 1804 2738 ad
1821 2686 2003 2754 imperatorem
2020 2701 2080 2740 cana
2097 2685 2148 2740 iiiia
2164 2687 2235 2741 reai-

33 2793 97 2855 entee,
109 2785 233 2844 inditham
248 2791 379 2859 reginam,
398 2789 517 2845 adulterii
531 2797 694 2861 accusatam,
714 2793 756 2846 ”vi
771 2791 889 2846 velabant
904 2799 932 2846 et
948 2791 976 2846 ia
993 2792 1176 2847 monesterium
1193 2789 1364 2872 mittebanff,
1381 2786 1530 2845 Conradum
1547 2797 1575 2845 et
1591 2790 1750 2859 liudolfum,
1764 2789 1857 2842 iratres
1874 2785 1952 2854 huius
1969 2789 2097 2859 mulieris,
2115 2791 2235 2846 eimihter

33 2889 154 2956 tondentem
174 2893 311 2964 ipsumqva
327 2895 524 2965 imperatorem,
539 2895 582 2947 cni
598 2896 697 2950 ”muita
706 2893 867 2962 objiciebant
881 2895 1034 2964 contraria”,
1057 2892 1091 2949 de
1108 2909 1189 2962 reguo
1203 2894 1378 2968 eapnhmfflt,
1392 2893 1441 2948 nisi
1456 2893 1620 2963 Lndovicns,
1637 2895 1705 2948 iiiina
1719 2893 1789 2961 eins,
1807 2889 1859 2946 hcc
1872 2892 1927 2946 neri
1942 2889 2118 2961 prohibuisset
2130 2891 2235 2962 (Theq.'

33 2994 82 3046 ic.
98 2999 188 3068 ³5,tti)
201 2999 240 3054 ¹¹.
279 2997 403 3055 Triennio
418 3008 480 3071 post
494 2985 651 3062 hothariue,
677 3013 771 3068 quum,
796 3006 869 3074 patre
885 3007 1008 3071 cumrato
1026 2995 1091 3068 (vid.
1107 3016 1134 3068 p.
1152 2997 1198 3065 31)
1215 2995 1285 3052 etin
1303 2998 1403 3052 vincula
1419 2998 1553 3064 conjecto,
1577 2999 1670 3052 civium
1691 2997 1769 3064 ionga
1789 2995 1913 3065 piari-oa
1933 2995 2100 3064 nii'endisaet,
2124 2997 2229 3064 veritus,

33 3111 66 3162 ce,
80 3109 160 3155 mutata
174 3103 296 3170 inmune,
310 3105 414 3160 sceieris
431 3105 471 3160 ani
487 3121 584 3175 poenes
599 3101 753 3172 euatiueret,
767 3121 800 3158 ex
818 3105 924 3158 consitio
942 3105 1123 3174 episcoporum
1138 3101 1311 3171 qvorundana,
1329 3103 1440 3156 menime
1453 3102 1583 3172 libbcnia,
1600 3099 1714 3172 archiep.
1730 3097 1899 3168 Rhemeusis,
1922 3115 1997 3154 sacro
2014 3098 2098 3154 ordini
2115 3107 2229 3170 potesta·

33 3207 73 3254 tem
86 3204 162 3258 tribuit
175 3213 277 3276 patrem
294 3206 448 3276 accusandi,
474 3203 589 3276 hancque
611 3204 709 3260 terendi
733 3208 903 3272 sententiam,
930 3215 978 3262 ”nt
1001 3223 1049 3278 pro
1067 3203 1123 3274 hie,
1153 3202 1296 3272 dequibus
1318 3203 1372 3273 iam
1393 3205 1588 3290 poenitudinem
1610 3213 1728 3276 gesserat
1746 3205 1840 3260 ιἰσιιιιιι
1866 3203 1969 3273 pubiics
1994 3205 2153 3272 poenitentia
2170 3220 2234 3258 ...·.

31 3303 197 3365 inevombiiiter
212 3309 405 3380 qrodammodo
421 3309 538 3368 ecciesiae
555 3312 730 3367 muaraceree’
748 3312 864 3378 (irtroa.
881 3312 899 3367 i.
917 3328 940 3367 c.
959 3330 984 3383 p.
1002 3313 1081 3380 310),
1099 3316 1197 3379 ‘’qunm
1212 3308 1333 3376 tamea”,
1354 3315 1385 3362 ut
1401 3307 1471 3364 idem
1489 3316 1577 3366 monet
1593 3312 1719 3379 scriptor,
1734 3309 1788 3364 ”ue
1800 3309 1916 3364 imanes
1933 3304 2036 3375 qviders
2054 3307 2127 3374 iepas
2143 3314 2235 3364 contre

33 3421 90 3462 unam
103 3413 208 3483 cuipam,
226 3414 309 3467 oemei
325 3387 503 3484 commissam,
519 3417 560 3470 bie
575 3413 698 3470 invehant
714 3405 875 3472 vinciamur
888 3415 986 3485 (ibid).
1026 3415 1177 3471 Ludovicua
1192 3417 1280 3466 anim
1297 3408 1359 3466 huic
1378 3411 1513 3468 namnum
1529 3413 1724 3484 obtemperans,
1747 3413 1917 3465 inconversis
1934 3408 2136 3480 compendiensi
2153 3411 2234 3482 pint-

32 3523 109 3566 ucmm
126 3532 153 3570 se
168 3516 304 3570 criminum
322 3533 395 3570 mum
416 3519 565 3588 coniesans,
589 3515 749 3574 ”chartulam
776 3536 882 3576 enorum
904 3528 1022 3576 minum
1049 3524 1077 3574 et
1098 3517 1266 3572 maimaiouis
1346 3514 1524 3571 maeotim
1540 3515 1662 3582 tradidit,
1687 3521 1715 3569 et
1739 3512 1830 3570 habitu
1851 3515 1931 3570 eecnii
1954 3531 1983 3570 sa
1999 3529 2100 3567 esuem
2116 3511 2235 3570 innita·

31 3617 158 3680 penitentia
169 3637 217 3690 per
234 3619 564 3691 inpositiosesamcaaseas
581 3625 758 3693 episcopor-assa
772 3625 903 3694 ameepttv
924 3623 989 3694 (rid.
1017 3630 1093 3676 ”scta
1117 3622 1204 3692 impiae
1225 3637 1256 3674 ac
1276 3618 1394 3676 nefande
1414 3621 1630 3674 exauctorationis
1646 3615 1716 3672 Luci
1732 3618 1780 3686 P.,
1802 3635 1844 3687 ap.
1863 3619 1905 3672 iin
1920 3615 2023 3672 chesne
2043 3617 2062 3672 l.
2078 3634 2101 3670 c.
2118 3625 2182 3673 tom.
2199 3614 2235 3687 11,

31 3721 121 3788 iiii).
156 3723 245 3790 itaqve
268 3723 384 3793 episcopi
407 3699 507 3777 tamam
523 3725 709 3794 Imperatorem
726 3743 778 3782 nnn
794 3729 878 3783 coium
893 3728 1061 3794 accumbant,
1087 3723 1134 3779 aed
1152 3725 1201 3796 ipei
1219 3722 1384 3779 damnabant
1427 3721 1516 3794 Neque
1530 3721 1684 3778 contendere
1700 3723 1872 3791 omittebant,
1898 3739 1927 3776 se
1943 3719 1994 3775 hoo
2008 3736 2042 3775 ex
2059 3719 2146 3776 divino
2160 3719 2234 3775 naiaai·¹

30 3820 134 3879 rien'i'ani
148 3827 205 3894 J'ure
222 3829 358 3883 iacerei’.
399 3825 475 3884 Qvod
493 3843 573 3894 qnam
588 3828 728 3885 Lotharius
742 3831 798 3886 iieri
812 3831 921 3897 sineret,
946 3846 976 3884 re
992 3829 1096 3898 qvidem
1118 3830 1251 3899 protessus
1269 3833 1311 3882 est
1330 3827 1467 3898 episcopor
1482 3821 1577 3896 'regum
1594 3825 1697 3895 jndices
1715 3843 1773 3880 ease
1790 3824 1876 3880 diviua
1892 3823 2048 3879 auctoritate
2068 3825 2232 3880 constitutos.

29 3923 99 3982 tunt
119 3919 181 4000 qrod
199 3931 259 4002 ipae
275 3932 426 4008 Lndovicna
440 3931 518 4002 Pius,
544 3948 623 4002 quum
642 3905 744 3990 biennio
765 3940 824 4002 post
843 3935 937 3988 iterum
955 3932 1081 4002 dignitate
1096 3925 1259 4002 imperatoria
1277 3947 1324 4001 per
1346 3930 1413 3986 dnos
1434 3931 1501 3984 iiiios
1518 3945 1580 3984 snoe
1598 3929 1703 3984 ornatus
1718 3938 1801 3997 aseet,
1827 3937 2001 3996 ”ueqraqvam
2018 3935 2104 3984 tamen
2122 3945 2233 3998 prepro-

29 4035 112 4094 itru¹²
127 4035 204 4089 voluit
217 4035 382 4103 acquiescere
398 4037 546 4092 sententiam
561 4037 609 4094 sed
624 4039 772 4108 Dominics,
791 4053 847 4107 qvae
862 4037 888 4091 iu
903 4038 1042 4092 crastinrm
1059 4035 1179 4099 advenit,
1197 4036 1224 4089 in
1239 4034 1347 4090 ecclesia
1361 4033 1390 4086 S.
1408 4033 1526 4102 Dionysii
1543 4035 1668 4104 epicopali
1687 4033 1829 4087 ministerio
1846 4031 1927 4086 voinit
1943 4032 2116 4114 reconciliari,
2142 4037 2169 4086 at
2186 4045 2233 4102 per

29 4149 99 4191 nauus
110 4141 287 4211 episcoporum
304 4140 381 4193 armis
396 4141 497 4210 accingi
515 4145 661 4198 consensit”
680 4145 839 4209 (hatenuom.
858 4141 875 4196 i.
894 4159 918 4195 c.
935 4159 963 4212 p.
980 4142 1058 4208 ³11);
1076 4155 1126 4208 qva
1142 4138 1224 4208 ipitnr
1234 4125 1337 4208 pietate
1356 4153 1405 4190 sna
1420 4134 1508 4205 istud,
1522 4136 1591 4205 qvod
1609 4137 1726 4208 apbccpi
1742 4136 1791 4192 sihi
1809 4141 2004 4204 arrogaverunt,
2016 4133 2063 4202 jus
2077 4133 2112 4188 de
2127 4135 2234 4202 requae

28 4235 137 4300 iudicandi
151 4243 206 4312 ipse
220 4245 390 4298 confirmavit.
424 4245 520 4298 Parnm
537 4245 619 4313 igitur
632 4217 803 4316 imperatoriae
820 4244 947 4313 majestati
964 4261 1019 4299 anae
1034 4243 1198 4310 consulebat,
1215 4239 1284 4311 qvod
1300 4240 1408 4296 reheiiea
1423 4240 1575 4310 episcopos,
1592 4243 1636 4308 qvi
1650 4255 1710 4296 cnm
1724 4236 1851 4294 Lothario
1865 4240 1995 4302 secema,
2010 4237 2077 4290 iussa
2091 4235 2233 4304 neiesuiis

28 4339 118 4398 criminis
139 4349 284 4402 accusabat.
325 4321 402 4400 Ebbc
423 4347 525 4417 qvidem
547 4364 653 4404 munere
676 4368 725 4405 sno
744 4351 905 4420 privabatur,
933 4347 980 4403 aed
1000 4349 1057 4418 ipae
1076 4345 1186 4414 modus,
1210 4361 1261 4415 qvo
1282 4341 1334 4398 hoc
1350 4345 1442 4412 tiebat,
1466 4343 1527 4412 inre
1550 4345 1692 4413 maiestatis
1708 4343 1874 4414 imperatoria
1887 4323 1971 4410 napis
1988 4340 2142 4395 comniaxtt
2155 4321 2250 4410 qvam⁴

28 4446 167 4504 othmarii.
200 4450 281 4504 Hunc
295 4451 363 4504 enim
372 4450 521 4507 Ludovicne
538 4471 592 4506 aas
604 4471 651 4508 aaa
660 4454 765 4521 jndicio
782 4452 930 4518 damnavit,
947 4435 995 4505 sid
1013 4450 1039 4504 in
1057 4446 1269 4518 ayucdo,‘habita
1285 4450 1312 4502 in
1325 4448 1422 4518 paiatio
1439 4445 1601 4514 Theudoris,
1618 4437 1762 4504 mnnita
1780 4464 1831 4516 qvo
1847 4450 1917 4500 iacto
1934 4441 1978 4499 hic
1995 4453 2061 4514 ”per
2078 4456 2232 4500 consensum

28 4548 100 4610 smodi
113 4553 243 4624 epitropos
253 4553 360 4621 judices
376 4564 542 4625 peccatorum
559 4545 665 4611 anorum
680 4557 782 4629 eiegit”
799 4555 926 4612 iisrdnin.
941 4555 986 4624 w,
1007 4573 1032 4624 p.
1052 4555 1141 4620 1333).
1175 4551 1272 4606 Verum
1288 4548 1338 4604 hsc
1352 4552 1450 4606 ratione
1467 4549 1615 4606 Ludovicns
1629 4554 1710 4608 tacite
1725 4551 1859 4607 consessus
1878 4555 1932 4618 est,
1952 4549 2083 4617 judicium
2099 4547 2231 4619 episcopc-

27 4669 82 4720 ram,
97 4657 117 4708 ai
133 4659 172 4712 rei
187 4658 396 4728 gravissimorum
412 4660 549 4713 criminum
567 4659 694 4727 civilium,
717 4662 797 4730 qratia
818 4677 880 4715 eane
899 4659 1004 4714 reheiiio
1020 4656 1129 4712 dicenda
1145 4663 1199 4724 est,
1222 4657 1261 4711 rei
1280 4657 1347 4725 aiut,
1370 4655 1407 4709 ad
1424 4657 1494 4710 coiea
1510 4657 1644 4728 episcopor
1655 4656 1795 4728 pertinere.
1835 4653 1912 4710 Orod
1930 4670 1990 4708 vero
2005 4650 2038 4707 ad
2055 4651 2231 4722 Agobardum,

28 4752 121 4826 archiep.
133 4759 320 4830 Lugdunens„
335 4772 363 4819 et
380 4763 556 4832 bernardum,
572 4761 686 4834 archiep.
706 4765 894 4829 Viennensem,
910 4763 951 4834 qvi
970 4777 1029 4816 cnm
1044 4762 1154 4816 Ebbcne
1171 4735 1257 4830 partes
1274 4755 1391 4814 Lotharii
1405 4760 1489 4814 secuti
1505 4770 1593 4829 erant,
1611 4761 1719 4828 attinet,
1738 4757 1831 4816 horum
1849 4758 1951 4830 quidem
1968 4773 2046 4812 cansa
2059 4757 2086 4811 in
2104 4761 2231 4815 conventu
2307 4793 2308 4804 ι

26 4857 251 4920 ⁸vrdstramiacnm
267 4869 406 4923 examinari
423 4875 515 4939 coepta
533 4875 587 4934 eet,
605 4869 661 4936 sed,
678 4884 757 4936 quum
775 4863 867 4924 uenter
884 4865 977 4921 horum
992 4865 1128 4920 conventui
1143 4861 1177 4920 ad
1194 4865 1318 4918 rationem
1332 4861 1491 4920 reddendam
1510 4863 1654 4932 interesset,
1670 4861 1746 4918 ”haec
1763 4881 1805 4919 res
1822 4865 1863 4929 (ce
1880 4861 2010 4918 damnabo
2019 4859 2120 4927 acrum)
2136 4860 2230 4940 imper·

27 4957 81 5013 iecra
95 4969 211 5022 remansit
227 4979 333 5040 propter
351 4974 493 5026 absentiam
508 4970 617 5026 eornm”
631 4969 770 5040 (Hardnin.
789 4971 805 5026 i.
825 4991 847 5025 c.
868 4989 894 5043 p.
912 4969 998 5036 rtur).
1039 4971 1124 5025 Qvara
1138 4985 1217 5038 quum
1238 4966 1388 5048 Lndovicns
1402 4967 1450 5033 1³„
1476 4981 1551 5036 qvem
1565 4967 1680 5044 epiecopi
1695 4967 1847 5050 ’'ahaeum
1863 4975 1892 5023 et
1905 4965 2063 5032 harditum,
2087 4979 2136 5020 uec
2150 4964 2237 5030 ccuiiq

27 5065 105 5120 tentem
121 5085 200 5139 neqve
214 5057 380 5131 convictam?
400 5076 559 5144 (iatronem.
575 5077 592 5131 i.
611 5094 633 5129 c.
652 5095 678 5146 p.
693 5076 757 5144 310)
772 5077 917 5143 contraius
935 5084 963 5130 et
977 5076 1017 5129 ias
1032 5073 1227 5142 damnaverant,
1243 5071 1395 5140 episcopeo,
1409 5070 1556 5126 reheiiicsis
1572 5073 1718 5140 convictos,
1733 5072 1803 5141 qvod
1816 5073 1949 5138 abessent,
1967 5084 2019 5123 uon
2035 5066 2145 5140 sudaret
2157 5065 2236 5124 dsunt-¹

26 5175 86 5232 wc,
108 5168 155 5225 bac
172 5175 228 5244 ipsa
242 5176 368 5232 Lndovici
385 5179 490 5235 ienitate
505 5179 575 5234 ietud
595 5180 754 5250 privilegium
769 5183 949 5252 episcoporum
968 5197 1019 5236 non
1035 5195 1125 5249 parum
1144 5178 1320 5232 continuatum
1336 5183 1384 5232 eat.
1418 5174 1494 5232 Qvod
1512 5171 1540 5232 hi
1557 5182 1680 5246 qvaatnm
1699 5177 1727 5232 iu
1741 5191 1796 5232 mm
1813 5189 1887 5234 raam
1905 5173 2094 5240 conuerterint,
2108 5171 2228 5244 seqveuti

27 5269 61 5320 uri
75 5268 175 5332 historia
192 5274 302 5336 docebit.
319 5311 352 5324 -
