4986 6384
498 489 1237 610 Sta-tusuacri
1323 513 1759 586 ordinis.

601 715 624 777 1.
669 717 747 818 ¹Quid
767 714 942 778 Ludouicus
961 715 998 777 Ρ.
1020 715 1052 778 in
1074 715 1195 797 legibus
1217 714 1354 777 ferendis
1378 721 1503 777 secutus
1524 713 1630 776 inerit.

120 865 142 916 1.
179 859 325 917 mumius
339 861 413 914 haud
431 880 506 918 mus
522 882 556 918 nc
574 866 685 921 Carolus
696 853 740 922 ’Μ.
758 885 902 938 snprmsun
919 873 944 920 ct
960 866 1087 934 judicium
1105 874 1131 920 et
1142 866 1261 937 'regimen
1279 864 1330 918 sihi
1345 865 1504 918 uindicatum
1523 866 1613 920 noluit.
1648 865 1725 918 Patet
1742 863 1792 920 hoe
1809 881 1842 922 ex
1859 869 1940 946 primo
1961 867 2018 935 ejus
2033 876 2180 942 praeceptat
2208 870 2236 925 in

34 969 71 1019 qm
86 969 160 1020 quum
178 953 310 1023 Hispanis,
327 955 360 1007 ob
378 955 564 1010 Saracenorum
582 959 759 1014 crudelitatem
777 961 802 1011 in
820 959 955 1013 Franciam
972 959 1097 1028 prolngis,
1122 964 1206 1011 tntum
1225 960 1272 1011 sub
1291 959 1377 1024 legum
1396 957 1537 1024 patrocinio
1555 957 1682 1024 retugium
1700 963 1790 1026 pactus
1803 959 1891 1023 inerit,
1914 967 1941 1014 et
1956 958 2034 1027 huius
2052 961 2234 1016 ”constitutio-

34 1045 124 1097 1111111
138 1045 341 1115 descriptiones”
357 1047 410 1100 lieri
427 1051 586 1118 preceperit,
604 1067 709 1118 quarum
727 1066 801 1102 unam
819 1051 956 1118 episcopus
974 1050 1092 1117 ciuitatis,
1109 1051 1135 1102 in
1151 1066 1199 1117 qua
1217 1041 1324 1118 Hispani
1343 1047 1496 1114 habitarent,
1513 1049 1618 1101 alteram
1636 1065 1731 1116 comm,
1748 1051 1850 1104 tertiam
1869 1043 1977 1120 denique
1993 1050 2043 1121 ipsi
2060 1051 2170 1119 Hispani
2187 1047 2236 1106 hs·

34 1137 113 1202 1111111,
130 1133 185 1191 haec
199 1141 277 1192 uerba
291 1137 378 1192 addite
395 1141 544 1208 '’exemplar
561 1157 620 1195 uero
635 1158 723 1195 earum
739 1143 765 1194 in
781 1140 883 1195 archivo
903 1141 988 1210 palatii
1008 1142 1087 1194 nostri
1107 1143 1252 1194 censuimus
1266 1139 1457 1210 reponendum,
1481 1146 1511 1192 nt
1525 1155 1557 1192 es
1573 1141 1640 1192 illias
1655 1141 1829 1208 inspectione,
1855 1144 1879 1196 si
1901 1142 2019 1210 quando,
2038 1149 2068 1194 ut
2085 1143 2139 1195 fieri
2157 1143 2251 1212 solet,¹

34 1235 67 1280 sut
82 1228 126 1296 ipsi
140 1245 168 1282 se
182 1231 390 1297 reclarnauerint,
408 1237 454 1284 ant
469 1232 563 1286 Comes
577 1234 617 1285 uel
633 1233 751 1301 quislibet
767 1233 831 1286 alter
847 1240 936 1286 contre
957 1249 1002 1286 eoa
1021 1229 1277 1300 mesaurhabuerit,
1302 1231 1416 1286 delinitio
1443 1231 1499 1310 litis
1516 1231 1569 1282 lieri
1592 1233 1809 1300 pessimantes.
1830 1234 1847 1287 l.
1870 1251 1894 1287 c.
1913 1251 1938 1302 p.
1956 1234 2050 1300 552)⁴.
2085 1233 2169 1302 igitur
2186 1232 2236 1289 hos

35 1335 99 1385 neque
115 1321 238 1374 comitum
254 1338 336 1389 neque
350 1323 530 1392 episcoporum
547 1325 652 1376 arbitrio
668 1325 811 1385 conaminis
829 1323 874 1376 sed
891 1323 1006 1392 permisit
1021 1325 1065 1391 iis,
1089 1331 1118 1377 nt
1139 1324 1172 1377 sd
1192 1340 1268 1377 snum
1291 1325 1372 1393 ipsius
1393 1321 1513 1386 tribunal,
1537 1337 1686 1389 supremum
1703 1325 1777 1390 regui
1790 1325 1926 1393 iudicium,
1944 1325 2153 1380 ”entanuenut
2192 1327 2235 1380 0b

35 1409 120 1464 eadem
135 1428 237 1466 causam
253 1413 341 1470 Missis
359 1415 413 1468 suis
428 1417 560 1484 praecepit,
578 1424 625 1470 ”ut
643 1417 781 1469 comitibus
796 1421 823 1468 et
838 1415 934 1485 populo
951 1424 1041 1468 notum
1054 1417 1177 1484 lacerent,
1199 1432 1227 1468 se
1242 1418 1268 1468 in
1284 1417 1352 1468 omni
1369 1412 1530 1468 hebdomade
1548 1429 1626 1466 unum
1642 1413 1709 1468 diem
1724 1415 1758 1470 ad
1773 1431 1862 1469 causas
1879 1415 2020 1470 audiendas
2037 1424 2065 1469 et
2078 1417 2234 1483 iudicandus

36 1501 106 1556 sedus
119 1504 198 1556 uelie”
216 1505 319 1572 (Baium
336 1505 354 1558 l.
371 1523 393 1559 c.
410 1523 435 1574 p.
453 1505 524 1571 668).
565 1507 636 1560 idem
654 1523 715 1560 uero
731 1507 887 1575 bodonicus,
904 1507 971 1574 quod
990 1509 1148 1577 propietate
1168 1509 1245 1560 animi
1266 1507 1306 1559 sui
1327 1504 1377 1559 hoc
1394 1522 1543 1575 supremum
1560 1521 1655 1574 rerum,
1675 1513 1729 1558 tam
1744 1524 1872 1561 sacrarum
1887 1524 1962 1574 quam
1977 1509 2097 1578 ciuilium,
2114 1511 2231 1580 regimen

37 1601 132 1647 nmium
148 1594 308 1649 ”miniterii
323 1596 384 1650 sns⁰''
399 1598 518 1664 officium
534 1596 656 1666 haberet,
680 1599 769 1668 plura,
793 1615 848 1666 quae
866 1600 973 1654 caroius
988 1615 1021 1653 es
1035 1599 1203 1667 antiquorum.
1218 1613 1344 1652 mannum
1367 1601 1521 1652 auctoritato
1538 1597 1570 1650 ad
1595 1598 1761 1663 magistratus
1778 1600 1965 1652 ecclesiasticos
1986 1603 2125 1669 retulerat,
2138 1621 2188 1674 per
2205 1621 2234 1658 se

36 1685 160 1741 maediate
177 1689 310 1751 constitui,
326 1691 369 1758 agl
386 1695 415 1742 et
432 1691 522 1743 consid
537 1688 631 1744 debere
646 1691 754 1759 putauit.
777 1689 852 1746 Unde
866 1707 966 1746 sacrum
984 1690 1099 1746 ordinem
1113 1705 1165 1743 nou
1180 1697 1233 1744 tam
1247 1692 1437 1760 episcoporum,
1451 1705 1526 1758 qvam
1540 1687 1687 1742 immediato
1703 1705 1750 1743 suo
1765 1689 1846 1760 ipsias
1857 1689 1958 1758 iudicio
1976 1699 2003 1746 et
2020 1667 2126 1748 dicreio
2141 1710 2234 1764 regen·

36 1773 82 1830 11111
95 1794 148 1832 csse
164 1771 334 1833 existimavit.

115 1909 140 1958 2
178 1905 234 1960 Sed
249 1913 350 1960 tantum
365 1908 462 1974 aberat,
480 1911 509 1959 nt
524 1921 588 1959 raus
603 1915 631 1961 et
648 1910 715 1963 laeui
731 1909 819 1978 glories
836 1907 957 1978 cupidine
972 1907 1066 1962 dactus
1081 1904 1131 1960 hnc
1148 1907 1267 1974 sanciret,
1284 1914 1315 1960 ut
1331 1907 1417 1976 potius
1437 1907 1569 1974 aegerrime
1583 1905 1670 1976 terret,
1685 1907 1706 1960 si
1720 1893 1777 1977 ¹quis
1793 1913 1837 1960 sut
1855 1909 1927 1962 ”sine
1942 1909 2058 1962 retinent
2075 1910 2109 1965 sd
2119 1913 2233 1980 regalem

35 2011 90 2048 susm
103 2003 261 2064 potestatem
275 2006 424 2068 provocaret
434 2001 457 2064 ⁵,
473 2004 528 2064 ant,
544 1999 662 2067 neglecta
675 1999 748 2068 justa
763 2001 940 2070 ‘’appellandi”
955 2001 1046 2068 lanua,
1068 2015 1092 2053 a.
1108 2017 1132 2054 c.
1148 2000 1171 2052 si
1189 1998 1305 2054 monachi
1328 2001 1400 2053 ”siue
1417 1999 1519 2053 liuentia
1535 1998 1661 2061 abbatis”,
1679 2000 1764 2068 ipsum
1781 1999 1881 2054 adirem
1897 1998 1959 2067 (uid.
1977 2000 2091 2071 diploma
2107 2004 2235 2062 Ludorlci

35 2085 151 2142 deordim
165 2091 319 2158 monastica,
334 2091 361 2144 ia
378 2096 488 2145 moueat.
504 2090 533 2143 S.
551 2091 666 2160 Dionysii
682 2094 818 2156 restituto;
834 2110 876 2163 sp.
892 2084 976 2146 ilerd.
994 2093 1011 2146 l.
1027 2109 1050 2146 c.
1069 2099 1132 2146 tom.
1146 2091 1192 2160 lV,
1209 2109 1234 2160 p.
1251 2090 1418 2158 llud-70).

116 2217 140 2266 u.
178 2213 321 2271 Enimuero
335 2216 388 2272 dno
406 2216 530 2286 imprimis
547 2223 652 2271 uentus
668 2225 717 2286 est,
735 2219 853 2285 alteram,
871 2225 903 2271 est
915 2216 1076 2270 subditas-ass
1092 2217 1175 2270 1111111
1190 2217 1282 2270 andins
1296 2216 1352 2285 ipss
1365 2217 1534 2285 prospiceret,
1550 2217 1658 2272 alterum
1675 2235 1709 2270 nc
1725 2216 1933 2287 magistratuum
1948 2218 2036 2272 edicta
2052 2220 2094 2272 ael
2110 2220 2235 2275 macilis·

35 2320 78 2356 rus
88 2303 186 2358 lenem
195 2309 277 2374 justa
293 2308 453 2362 anctoritate
467 2317 592 2364 ment.
629 2310 711 2364 Prius
726 2309 847 2364 indicauit
864 2311 890 2363 iu
907 2310 983 2376 capit.
999 2325 1022 2361 a.
1038 2313 1100 2373 828,
1118 2326 1141 2363 c.
1155 2313 1174 2361 2
1188 2317 1215 2362 et
1229 2314 1256 2376 u,
1275 2309 1327 2374 ubl,
1347 2315 1481 2376 postquam
1499 2308 1601 2375 dixerit,
1623 2308 1733 2362 diuinam
1750 2309 1934 2376 prouidentiam
1951 2311 2036 2378 ipsam
2052 2310 2086 2363 nd
2104 2308 2156 2366 hoc
2172 2327 2236 2366 con-

35 2395 135 2462 stituisse,
152 2405 314 2454 ut’tsanetss
329 2383 484 2454 ecclesiast
500 2402 572 2468 regni
588 2417 676 2455 curam
692 2411 826 2470 gereret’¹;
845 2399 902 2456 hsce
916 2407 1032 2455 rmenset
1050 2403 1179 2470 ”capitula
1194 2402 1222 2454 in
1236 2399 1317 2470 regni
1333 2399 1558 2454 administratione
1574 2401 1720 2468 specialiter
1736 2407 1764 2454 et
1778 2417 1794 2453 a
1809 2401 1883 2454 nobis
1899 2403 2031 2456 etsuobis
2046 2401 2235 2457 conseruandae

35 2493 56 2538 11
70 2485 172 2542 defensio
187 2497 214 2543 et
232 2491 358 2546 exslmtln
377 2492 417 2545 uel
435 2488 518 2545 boner
532 2499 628 2546 11111111
641 2494 689 2547 Dei
707 2495 822 2547 ecelesiae
839 2500 866 2546 et
881 2499 1012 2546 1111111111
1028 2493 1096 2546 illius
1112 2506 1242 2560 congruus
1257 2498 1367 2559 manat,
1391 2499 1418 2545 et
1440 2507 1490 2559 pax
1511 2497 1538 2544 et
1557 2491 1661 2557 iustitia
1676 2492 1702 2545 in
1720 2492 1790 2545 omui
1806 2493 1973 2559 gesseralitata
1991 2494 2080 2563 popuii
2099 2511 2234 2550 conserue-

36 2585 89 2644 tnr’,
104 2588 174 2647 atque
189 2590 292 2645 monet,
308 2591 451 2636 '’summsm
466 2581 544 2650 hujus
560 2583 693 2638 ministerii
710 2586 736 2638 ia
750 2601 796 2638 sua
809 2601 916 2652 persona
929 2586 1095 2647 consisteret’,
1113 2584 1160 2638 sed
1175 2585 1214 2637 ita‘
1226 2583 1337 2650 quidem,
1354 2589 1384 2635 ut
1401 2583 1590 2650 ”mmquisque
1607 2590 1721 2637 uestrum
1736 2585 1776 2651 (aa
1794 2584 1899 2652 ciuium)
1916 2586 1942 2638 in
1960 2601 2009 2640 sno
2027 2587 2083 2640 loco
2100 2593 2128 2641 et
2144 2585 2235 2642 ordine

35 2678 113 2736 partem
129 2676 205 2730 nostri
225 2653 363 2728 ministcdi
381 2673 500 2730 habeat”.
536 2675 604 2733 Quid
620 2676 720 2730 multat
738 2677 849 2743 regalem
868 2693 941 2730 suam
956 2682 1111 2746 potestatem
1127 2673 1168 2729 his
1182 2675 1280 2740 uubis,
1302 2683 1397 2728 aterna
1414 2675 1537 2727 memoris
1553 2674 1723 2742 dignissimis,
1740 2674 1879 2729 describite
1904 2685 1972 2744 ”ego
1988 2677 2102 2731 omnium
2118 2684 2236 2732 vestm

34 2760 157 2818 admonitor
169 2783 225 2820 esse
247 2765 339 2834 debeo,
358 2772 387 2821 et
402 2781 493 2820 omnes
509 2783 555 2822 uos
573 2769 653 2821 nostri
671 2767 802 2835 adiutores
820 2785 877 2822 esse
892 2768 1018 2822 debetis”.
1055 2767 1190 2821 Posterius
1206 2763 1276 2820 hand
1293 2768 1371 2820 semel
1396 2768 1527 2835 protessus
1550 2773 1599 2819 cst.
1634 2766 1673 2820 lta
1691 2769 1717 2820 in
1735 2769 1844 2836 epistula
1860 2766 1894 2821 ad
1916 2769 2041 2836 Magnum
2062 2767 2236 2841 archiepisco·

35 2871 85 2921 psm
98 2859 276 2925 Sauonemm,
293 2866 427 2927 postquam
445 2855 507 2912 huic
523 2859 670 2929 imperauit,
694 2867 724 2914 nt
740 2860 909 2926 suffraganeis
926 2862 980 2914 suis
995 2859 1205 2926 aquisgranensis
1221 2859 1322 2913 concilii
1340 2858 1373 2912 de
1390 2860 1442 2912 uita
1456 2859 1577 2912 mnouica
1597 2858 1728 2912 decretam
1751 2859 1911 2928 iniungeret,
1934 2857 1991 2916 haec
2013 2861 2165 2929 subjungite
2192 2865 2234 2916 ”si

35 2963 86 3000 uero
101 2949 176 3016 aliquis
190 2959 248 3004 ture
264 2947 390 3005 dioecesis
405 2951 489 3006 sidem
506 2953 661 3006 institutioni
678 2959 821 3019 nasumque
837 2950 1006 3006 admonitioni
1023 2951 1166 3020 procaciter
1183 2951 1258 3004 reniti
1275 2951 1393 3018 uoluerit,
1409 2958 1437 3004 et
1452 2967 1498 3017 ea,
1518 2965 1574 3018 quas
1595 2952 1627 3004 ab
1649 2949 1742 3004 codem
1759 2967 1833 3004 sacro
1847 2959 1875 3004 et
1892 2953 2028 3006 venerabili
2046 2955 2156 3010 concilio
2173 2969 2234 3009 con·
2252 3017 2258 3034 Ι

38 3039 113 3090 stitats
125 3049 190 3109 stqre
206 3042 316 3096 deiecta
332 3049 402 3105 sunt,
421 3051 544 3111 quantum
558 3045 684 3097 Dominus
700 3046 738 3098 eis
756 3059 832 3113 possa
847 3042 956 3106 dederit,
974 3046 1109 3096 obseruare
1124 3045 1314 3110 contempserit,
1333 3043 1503 3112 precipimus,
1527 3051 1557 3096 nt
1581 3043 1605 3096 sl
1626 3049 1702 3096 antes
1724 3040 1871 3108 hujusmodi
1892 3043 1949 3112 [uir]
1969 3061 2020 3097 non
2037 3063 2067 3100 se
2084 3049 2234 3113 comsnsdt,

36 3131 153 3200 quicunque
167 3135 206 3188 ille
223 3141 286 3196 est,
310 3140 370 3188 ants
388 3135 547 3202 presentiam
565 3141 678 3189 cosmam
702 3144 748 3188 tua
768 3135 806 3188 uel
824 3135 963 3188 Missurum
980 3141 1126 3188 nostrornm
1142 3133 1316 3190 admonitione
1333 3135 1418 3188 uenire
1436 3136 1560 3201 festinet,
1581 3141 1706 3204 quatem
1725 3153 1744 3188 a
1763 3135 1839 3187 11111
1854 3136 1937 3201 justa
1961 3137 2133 3204 quantitatem
2149 3137 2234 3208 aalpm

34 3222 102 3292 digne
113 3226 280 3297 mreigatuss'
295 3226 398 3294 (batus.
414 3228 431 3280 Ι.
446 3243 469 3280 c.
486 3244 511 3295 p.
527 3231 601 3294 blac).
640 3227 765 3296 Similiter
779 3228 805 3279 ia
822 3226 954 3294 capitular.
970 3243 994 3280 a.
1011 3229 1063 3278 82³
1078 3227 1222 3294 episcopos,
1243 3242 1306 3294 quos
1321 3227 1434 3292 maniter
1450 3225 1586 3294 admonet,
1612 3235 1659 3280 ”nt
1677 3227 1725 3280 sibl
1745 3227 1797 3279 ueri
1818 3225 1950 3292 adiutores
1966 3228 1991 3278 iu
2013 3229 2234 3284 administratione

37 3315 165 3384 1111111111,
186 3318 253 3386 ipsis
269 3318 413 3384 commissi,
437 3318 520 3387 sinit,
539 3319 629 3384 iubete
657 3319 819 3385 ”ubicmque
843 3335 889 3386 per
910 3317 1092 3386 negligentiam
1113 3319 1213 3372 abbatis
1233 3319 1273 3372 uel
1298 3319 1434 3372 abbatissae
1455 3319 1496 3372 uel
1519 3301 1620 3388 comitis
1643 3319 1682 3370 uel
1702 3318 1767 3370 assei
1791 3318 1871 3371 nostri
1893 3323 1939 3370 ant
1965 3318 2073 3383 aiicujus
2097 3317 2234 3386 cuiuslibet

36 3421 130 3470 pesona
144 3408 246 3477 aliquod
262 3409 335 3462 uobis
350 3407 509 3463 difficultatis
526 3412 552 3464 in
569 3407 620 3464 hoc
634 3411 782 3480 apparuerit
798 3411 974 3477 obstaculum,
999 3417 1095 3464 nostras
1112 3411 1277 3464 dinoscentiss
1293 3409 1369 3463 idad
1389 3417 1491 3478 tempus
1512 3411 1640 3464 insinuare
1661 3423 1711 3462 non
1732 3405 1871 3473 differatist
1895 3416 1923 3462 ut
1944 3416 2034 3463 nostro
2053 3411 2154 3466 asriiio
2173 3413 2233 3480 sni-

31 3497 91 3563 faite,
106 3499 169 3566 quod
183 3509 271 3555 uestra
287 3501 427 3555 auctoritas
444 3503 572 3571 exposcit,
583 3503 744 3571 samnium,
761 3510 791 3556 ut
806 3502 890 3570 decet,
905 3509 1035 3572 potestate
1050 3509 1150 3565 nuncu,
1171 3503 1293 3572 pemcere
1309 3502 1432 3557 ualeatis”
1450 3501 1553 3571 (balaa.
1570 3501 1587 3556 l.
1604 3519 1627 3556 c.
1646 3505 1670 3568 p'.
1688 3497 1760 3564 ⁶³4).

117 3629 141 3678 l.
174 3627 234 3680 lloc
250 3625 331 3692 igitur
344 3631 480 3691 utrumque
496 3632 526 3678 ut
543 3635 750 3696 consequeretur,
767 3635 823 3682 tum
838 3629 1008 3697 metropolitis
1023 3628 1161 3699 praecepit,
1184 3635 1214 3680 ut
1236 3627 1261 3679 in
1283 3628 1377 3690 rebus,
1400 3627 1432 3680 ad
1448 3625 1581 3680 sedeciam
1599 3625 1799 3696 pertinentibus,
1824 3625 1847 3676 81
1870 3622 1963 3677 edictis
1980 3624 2060 3692 ipsius
2076 3629 2234 3694 parerent&

35 3714 78 3767 slis
91 3719 230 3788 exemplum
249 3716 361 3784 obsequii
377 3718 529 3785 praeberent,
547 3726 603 3771 tum
620 3722 766 3787 comitibus,
786 3727 825 3788 ut,
840 3719 957 3790 quicquid
973 3737 1020 3789 per
1034 3720 1131 3773 litteras
1149 3717 1277 3784 agendum
1296 3720 1358 3788 ipsis
1375 3717 1530 3785 injungeret,
1551 3727 1654 3772 strenue
1681 3716 1840 3784 perlicerent,
1866 3714 2008 3782 imperavit
2045 3717 2162 3772 Pertinet
2180 3713 2234 3771 hnc

36 3805 92 3859 loeus
107 3811 218 3876 epistulae
237 3805 363 3860 Ludouici
378 3805 412 3860 ad
426 3806 646 3879 archiepiscopum
664 3811 837 3865 Sennnenseru
861 3829 939 3880 supra
960 3811 1084 3864 lsardatssc
1109 3818 1197 3862 ”tuam
1222 3811 1332 3878 igitur..
1344 3849 1369 3862 ..
1391 3809 1556 3864 admonemus
1580 3809 1756 3868 sanctitatem,
1779 3811 1811 3858 ut
1824 3806 1965 3860 secundum
1985 3807 2161 3876 ministerium,
2184 3811 2233 3862 tibi

34 3897 102 3952 diuino
115 3915 215 3955 munere
232 3901 363 3962 collatum,
379 3906 476 3953 nostrae
490 3901 515 3952 in
532 3898 583 3956 hoc
599 3903 704 3969 negotio
725 3905 897 3957 saluberrime
912 3903 1085 3956 admonitioni
1107 3904 1254 3956 obedienter
1276 3909 1352 3972 atque
1372 3900 1584 3954 inexcusabiliter
1600 3918 1715 3978 parens,
1739 3905 1766 3952 et
1787 3899 1879 3952 ceteris
1900 3898 1926 3950 iu
1948 3897 2062 3966 parendo
2085 3901 2232 3968 exemplum

34 3989 111 4044 111111
129 3995 234 4047 uibuaa.
270 3992 383 4059 Dignum
399 3992 492 4060 quippe
507 4001 555 4059 est,
574 4001 603 4046 ut
620 4001 714 4062 quanto
729 3993 863 4048 sublimius
879 3992 1015 4048 sacerdotii
1031 3993 1157 4061 dignitate
1178 3996 1234 4048 aliis
1257 3994 1445 4062 superemines,
1468 4001 1495 4046 et
1522 4009 1537 4046 a
1560 3993 1634 4045 nobis
1655 3991 1833 4045 venerabiliter
1859 3987 1989 4056 diligeris,
2013 3995 2086 4043 mato
2101 3991 2184 4058 magis
2198 3989 2233 4044 sd
2304 4031 2311 4052 .

35 4080 70 4132 liei
83 4091 237 4155 casuumque
253 4084 410 4138 uoluntatem
429 4083 571 4138 laciendum
587 4083 744 4140 devotiorem
760 4092 787 4139 te
804 4093 879 4155 atque
895 4085 1077 4154 promptiorem
1092 4082 1231 4139 exhibeam
1248 4086 1306 4154 (cir.
1324 4085 1457 4155 capitular.
1475 4083 1496 4150 l,
1515 4101 1538 4136 s.
1556 4089 1607 4137 ula
1623 4101 1645 4137 c.
1664 4087 1728 4150 16⁸,
1743 4081 1777 4150 ll,
1794 4099 1816 4135 e.
1834 4081 1895 4149 u)².

106 4215 143 4278 ,5.
181 4212 271 4282 Neque
286 4217 372 4264 tamen
390 4228 423 4266 en
438 4228 509 4266 mero
526 4211 632 4266 arbitrio
650 4228 697 4267 sno
715 4213 785 4280 leges
802 4212 868 4266 terre
886 4212 981 4275 uolalte
998 4209 1058 4279 sed,
1077 4226 1198 4278 megnum
1214 4218 1317 4278 patrem
1331 4211 1459 4278 imitatus,
1490 4209 1576 4264 amnia
1593 4229 1626 4264 es
1642 4225 1769 4262 cananum
1785 4205 1942 4260 amaritate
1959 4214 1985 4260 et
2002 4207 2121 4261 11111111
2138 4207 2233 4262 cisisss

33 4297 172 4356 immensis
188 4321 246 4357 esse
260 4303 373 4374 putauit.
412 4303 528 4359 Plurima
542 4305 660 4374 exempla
674 4301 725 4358 hoc
742 4306 858 4373 probant
892 4304 1012 4358 Sufficiat
1026 4310 1112 4356 umen
1129 4301 1182 4356 dnn
1196 4303 1296 4356 affare.
1337 4303 1582 4372 cipitatsqrisgs.
1600 4307 1700 4366 1811,
1720 4317 1743 4354 1.
1767 4303 1801 4352 26
1817 4299 1853 4350 1111
1868 4297 1972 4366 incipite
1995 4307 2045 4353 ”ne
2060 4315 2121 4352 uero
2138 4300 2234 4370 puellae

33 4388 149 4470 indiscrete
168 4395 294 4460 celentur,
314 4397 410 4464 placuit
425 4395 500 4449 nobis
515 4395 592 4448 etlam
608 4396 641 4448 ds
654 4397 739 4450 saeris
756 4397 907 4464 maronibus,
924 4395 1035 4468 qualiter
1051 4396 1237 4449 observandum
1253 4395 1298 4462 sit,
1321 4392 1365 4450 hic
1386 4397 1524 4449 insereret
1561 4395 1684 4448 Ultimum
1705 4408 1765 4446 uero
1788 4389 1928 4458 capitatum
1953 4386 2009 4446 haec
2030 4387 2127 4445 habete
2151 4399 2232 4446 ’'unn-

32 4483 86 4536 uulla
99 4502 155 4540 uero
169 4490 292 4556 capitula,
309 4490 378 4543 sicut
398 4489 432 4542 de
446 4488 551 4540 incestis
566 4488 663 4555 nuptiis
672 4523 801 4542 ........
820 4495 847 4542 et
864 4487 886 4540 si
901 4504 951 4556 qua
964 4488 1018 4542 siut
1035 4487 1104 4550 tells,
1126 4486 1180 4541 siue
1200 4486 1228 4540 in
1251 4486 1432 4541 ecclesiasticis
1455 4487 1508 4541 siue
1530 4488 1556 4540 in
1576 4486 1685 4555 publicis
1702 4485 1787 4550 rebus,
1806 4479 1984 4536 emendatione
2001 4480 2092 4552 digna,
2114 4499 2170 4551 quaa
2186 4500 2232 4552 pen

33 4579 136 4644 temporis
150 4581 276 4634 breuitate
292 4581 393 4633 eiicere
408 4579 574 4648 nequivimus,
594 4580 621 4634 lu
636 4585 736 4636 tantum
754 4577 925 4634 differendum
949 4579 1013 4634 illud
1034 4578 1142 4648 dignum
1160 4576 1325 4646 judicamus,
1354 4577 1438 4632 donec
1459 4579 1568 4632 Domino
1591 4578 1692 4632 iuuenta
1712 4574 1831 4628 canndtu
1841 4573 1963 4640 fidelium
1983 4575 2091 4630 incultas
2107 4577 2181 4630 nobis
2203 4573 2231 4627 id

32 4665 139 4723 eliciendi
154 4673 186 4724 ab
202 4689 234 4726 eo
250 4673 403 4726 subnatant
1158 4696 1163 4706 =

54 4771 55 4779 ἵ
116 4801 141 4848 o.
177 4795 293 4863 Denique
307 4793 458 4848 Ludouicus
475 4793 562 4848 edicta
576 4793 740 4850 decessorum
755 4813 871 4866 suorum,
888 4797 999 4852 muime
1015 4802 1101 4848 tamen
1117 4792 1202 4848 Caroli
1219 4793 1310 4862 patris,
1323 4809 1422 4847 summa
1438 4793 1578 4846 reuerentia
1593 4791 1710 4860 prosequi
1725 4791 1832 4856 solebat,
1849 4808 1931 4860 usquc
1944 4809 1975 4846 ea
1993 4799 2079 4846 mmea
2096 4781 2231 4855 i'tscoeca,

31 4891 53 4934 ut
68 4883 236 4954 illisorum,
253 4887 357 4952 queenb
373 4881 415 4938 his
431 4887 573 4940 constituta
589 4888 711 4951 fueraut,
736 4889 889 4943 mutandum
916 4894 1043 4943 censeret.
1087 4887 1199 4940 Omnino
1223 4885 1346 4953 cujusque
1365 4885 1463 4939 ordinis
1482 4884 1573 4938 salutis
1592 4892 1619 4936 et
1640 4891 1803 4937 externarum
1825 4899 1911 4938 rmum
1934 4885 2083 4952 diligentem
2106 4881 2231 4936 radonem

32 4969 156 5031 labendum
171 4995 228 5032 esse
244 4978 353 5046 putauit.
387 4975 485 5030 Probat
503 4976 559 5034 hnc
575 4978 700 5047 prologus
716 4978 749 5032 ad
765 4983 907 5050 capitulare
920 4961 1071 5049 Aquisgrsn.
1088 4995 1112 5032 a.
1130 4983 1196 5041 ⁸1⁰3
1214 4993 1247 5032 ex
1265 4993 1314 5046 quo
1331 4978 1412 5044 igitur
1425 4973 1482 5031 hac
1501 4977 1688 5029 exscribamus:
1710 4975 1843 5030 ”hoinds
1861 4985 1951 5031 notum
1965 4979 1999 5030 sit
2015 4975 2134 5030 omuibus
2148 4972 2231 5026 tideli-

31 5063 69 5116 111
83 5069 180 5124 Sanctae
194 5072 242 5126 liei
260 5069 385 5124 Ecclesia
399 5071 559 5138 ansuisque.
569 5109 594 5124 ..
609 5072 810 5158 successoribus,
828 5075 886 5142 quia
901 5074 943 5139 (os
958 5071 1038 5140 quod)
1047 5105 1183 5124 ........
1207 5067 1336 5137 quomode
1356 5075 1402 5122 ant
1422 5070 1530 5136 qualiter
1547 5067 1702 5123 desideriam
1718 5068 1795 5122 diuini
1812 5069 1898 5122 cultas
1908 5107 1914 5122 .
1925 5108 1931 5122 .
1943 5105 1967 5124 ..
1984 5067 2017 5122 sd
2033 5065 2155 5120 mestum
2173 5079 2230 5134 per·

31 5152 175 5229 inuramus,
191 5169 217 5216 et
234 5162 295 5231 qvid
311 5161 392 5216 studii
406 5161 499 5231 quidve
517 5162 610 5215 laboris
625 5163 808 5232 progenitores
824 5165 921 5232 111111,
945 5163 1078 5233 praecipue
1094 5169 1181 5215 tumen
1199 5161 1249 5229 pita
1266 5159 1448 5214 recordationis
1470 5161 1578 5231 genitor
1600 5169 1696 5227 meter,
1719 5162 1745 5214 in
1771 5160 1925 5213 utilitatibus
1942 5164 2038 5211 11111111
2054 5158 2101 5210 liei
2116 5157 2231 5212 weitaim
2322 5173 2326 5182 ¹

29 5247 166 5316 exhibuerit,
184 5253 383 5322 adverteremus,
398 5261 424 5308 et
439 5254 481 5327 pis
499 5255 598 5306 iliorum
617 5255 685 5308 iacta
703 5270 753 5308 non
771 5257 855 5310 solum
872 5255 999 5309 inuiolata
1016 5271 1168 5306 conmruare
1185 5251 1231 5306 sed
1246 5255 1323 5306 etiarn
1340 5253 1508 5306 inituri....
1526 5258 1684 5320 optaremus,
1706 5253 1806 5306 scilieet
1823 5257 1853 5302 ut
1866 5248 1984 5316 quicquid
2000 5249 2053 5302 siue
2068 5250 2094 5302 ln
2112 5249 2231 5303 ecclesia·

30 5341 88 5395 sticis
104 5347 213 5412 negotiis
227 5347 280 5400 siue
296 5347 321 5398 in
337 5353 407 5399 statu
428 5347 575 5416 reipublice
592 5345 771 5400 emendatione
786 5347 893 5416 dignum
915 5347 1148 5417 perspexissemus,
1168 5351 1290 5413 quantum
1308 5347 1431 5400 Dominus
1449 5361 1526 5416 posse
1544 5343 1638 5406 dabat,
1663 5350 1752 5397 nostra
1775 5342 1862 5397 studio
1883 5341 2070 5395 emundaretur.
2105 5339 2142 5394 iit
2152 5377 2230 5402 .....

30 5429 75 5494 ejas
89 5438 123 5488 rei
139 5439 232 5504 gratia,
248 5438 377 5492 arcessitis
391 5439 519 5494 nonnullis
534 5439 672 5508 episcopis,
690 5439 834 5504 abbatibus,
853 5438 982 5494 canonicis
997 5445 1024 5490 et
1041 5434 1173 5492 monachis
1190 5442 1216 5490 et
1233 5435 1352 5490 tideiibua
1368 5438 1504 5492 obtutibus
1523 5438 1632 5501 nostris,
1655 5434 1803 5488 studuimus
1823 5449 1912 5487 earnm
1929 5434 2049 5486 masada
2065 5433 2231 5502 sagacissime

31 5520 166 5594 investigare
181 5529 351 5596 inquisitione,
370 5529 476 5597 qualiter
494 5530 535 5597 (oc
551 5535 592 5598 11)
608 5529 743 5601 nanctique
760 5531 859 5600 ordini,
876 5531 1056 5588 muonlcornm
1071 5529 1191 5586 uidelicet
1207 5536 1235 5585 et
1251 5526 1435 5586 monacharum
1450 5536 1478 5585 et
1495 5529 1632 5589 laieorum,
1652 5527 1730 5594 insta
1750 5526 1818 5596 qast
1837 5523 1907 5580 ratio
1929 5523 2048 5580 dismlat
2064 5532 2092 5580 et
2107 5523 2231 5593 sanates

30 5620 173 5685 *umectat
191 5622 244 5674 lieu
262 5636 338 5690 opem
356 5621 463 5690 terente,
482 5623 691 5679 consuleremus”
702 5626 726 5678 ⁸.
1523 5637 1528 5654 '
1560 5629 1570 5638 '
1817 5633 1819 5638 '
