4986 6384
193 571 219 626 8.
255 571 340 626 (lonc.
362 571 466 634 Cnbil..
493 591 517 626 a.
538 573 612 636 880,
638 587 661 626 ο.
683 569 733 627 ll:
759 579 846 625 “....
868 569 971 643 etjam
989 571 1059 644 ipsi,
1084 589 1203 644 <prorum

125 655 199 709 rillae
218 662 300 718 sunt,
319 672 373 709 nec
391 657 465 728 ipsos
484 656 613 723 elericos,
633 657 680 732 qvi
699 658 734 711 sd
753 656 814 728 ipsa
833 658 953 712 oratoria
973 655 1202 719 deservissent

124 738 318 793 archidiacono
346 740 468 794 coerceri
497 741 678 812 permittunt=
713 740 787 812 qvod
813 742 945 796 convenit
973 741 1130 795 emendari:
1163 740 1202 794 ita

125 822 270 886 duntaxat,
290 830 322 875 ut
342 823 372 876 in
390 831 527 895 potestate
543 825 580 878 sit
597 825 716 896 episcopi
735 826 814 878 etde
831 825 1006 879 ordinatione
1018 825 1215 889 -clericorum,'

124 915 155 962 et
175 907 210 961 dc
229 907 362 961 facultate
381 906 487 962 ibidem
511 909 626 971 collata,
654 909 774 982 qulitcr
794 908 830 962 sd
848 909 907 981 ipsa
926 910 1047 962 oratoria
1067 915 1097 962 et
1116 909 1202 964 oflici-

49 995 58 1010 ¹
125 1010 174 1046 um
194 993 318 1046 divisam
337 993 423 1064 possit
442 992 569 1065 impleri,
598 1001 626 1046 et
650 1009 727 1047 sacra
750 993 888 1047 lsbsnains
913 993 1077 1047 consecrari.
1122 993 1204 1060 Qvod

122 1077 148 1130 si
168 1078 230 1150 qvis
249 1077 458 1140 contrsdixerit,
474 1077 555 1150 juxta
573 1077 679 1150 priseos
698 1095 816 1132 canones
835 1078 1029 1132 communione
1044 1063 1203 1151 privaturi·

125 1160 177 1214 eir.
197 1177 274 1214 conc
296 1161 384 1215 Paris.
405 1179 428 1215 ο.
448 1163 475 1216 5.
1150 1227 1152 1232 Ι

192 1246 220 1300 8.
256 1245 288 1298 11
312 1245 450 1318 probatur
471 1246 579 1301 collatis
599 1245 674 1301 intes·
697 1261 728 1300 se
753 1262 829 1299 conc.
850 1245 1070 1301 Antisiodorens.
1090 1264 1115 1301 s.
1135 1247 1202 1309 878,

123 1329 173 1392 88,
194 1337 224 1384 et
243 1345 320 1383 ωηο.
341 1331 431 1385 Ca‘bil.
452 1348 476 1384 a.
496 1332 564 1394 680,
585 1347 607 1383 ο
631 1331 677 1394 11,
697 1329 758 1384 nib.
778 1338 836 1384 not.
857 1331 877 1386 8
896 1330 971 1385 eitst

194 1414 240 1468 10.
277 1415 341 1468 Vid.
364 1413 479 1470 Plancis.
499 1413 518 1468 1.
539 1431 563 1467 ο.
583 1433 611 1486 p.
630 1415 770 1470 888-88.

194 1499 240 1553 11.
276 1499 336 1553 cfr.
357 1515 433 1552 cone.
452 1497 543 1552 Tolet.
564 1497 622 1561 Xl,
648 1500 680 1551 7,
710 1497 851 1552 “relatum
870 1505 913 1552 cst
931 1498 1026 1561 nobis,
1053 1499 1128 1576 qvod
1147 1499 1205 1571 qvi-

125 1585 191 1637 dam
210 1600 245 1636 ex
265 1583 400 1637 fratribus
420 1583 484 1656 plus
504 1584 590 1636 livore
607 1583 669 1635 odii
686 1600 768 1654 qvam
793 1583 974 1638 correctionis
998 1583 1092 1638 studio
1111 1581 1205 1637 subdi·

125 1676 168 1722 tos
193 1668 380 1741 insequentes,
399 1669 465 1721 dum
484 1685 514 1722 se
533 1667 666 1721 simulant
684 1666 838 1738 spiritslem
856 1667 891 1720 iis
909 1667 1043 1723 adbibere
1060 1667 1205 1721 correctio

124 1771 202 1816 nem,
223 1751 402 1808 indiscretam
421 1752 514 1806 subito
531 1751 649 1806 afferant
668 1760 788 1810 nortun,
813 1768 878 1804 essm
897 1751 1037 1808 inauditos
1057 1770 1074 1805 s
1093 1769 1123 1806 sc
1142 1769 1205 1823 pro-

119 1839 236 1909 jiciunt,
257 1845 287 1892 et
305 1837 421 1891 occultis
440 1853 487 1890 cos
502 1835 616 1907 judiciis
636 1835 688 1889 snb
708 1837 879 1908 poenitentia
899 1836 1045 1908 puniant.”

195 1923 241 1976 18.
277 1924 362 1976 Cone.
384 1921 495 1974 Bracar.
518 1921 575 1985 lll,
596 1937 618 1974 ο.
640 1923 672 1976 8ι
694 1919 755 1973 “rei
775 1920 895 1992 propriu
914 1920 1072 1993 proiectum
1092 1925 1206 1990 augent,

125 2005 273 2060 dominicis
292 2023 360 2060 vcro
380 2005 556 2078 dispendium
574 2002 762 2066 uenientes?
781 2004 833 2058 cir.
852 2021 929 2058 conc.
949 2003 1028 2058 Rem.
1049 2019 1072 2056 c
1089 2003 1137 2058 80.

196 2091 242 2145 15
277 2091 362 2144 Gonc.
382 2089 473 2144 Tolet
493 2091 547 2152 tx,
567 2089 595 2144 8.

195 2175 242 2230 11.
277 2173 350 2230 ibid.
370 2192 393 2228 e.
413 2177 441 2229 5.
475 2178 481 2189 ’

195 2261 243 2316 18.
277 2259 350 2315 lbid
370 2259 423 2322 vl,
443 2275 467 2312 c.
486 2261 521 2322 8,
542 2257 580 2322 x,
601 2275 625 2311 c
645 2259 680 2320 5,
700 2256 778 2321 xvi,
799 2273 823 2310 c.
843 2259 873 2312 8.

66 2361 79 2374 ‘
196 2345 242 2399 18
276 2344 363 2399 Cone.
384 2341 462 2397 ilem.
483 2360 506 2397 c.
530 2343 581 2406 15,
609 2343 657 2414 qvi
683 2341 768 2396 etism
792 2341 929 2414 mancipia
953 2341 1065 2396 vendita
1087 2355 1147 2396 esse
1167 2346 1207 2420 te·

123 2437 231 2490 stature
252 2428 303 2482 cir.
322 2429 389 2498 leg.
410 2429 500 2481 Alam.
521 2443 579 2498 cap.
600 2425 683 2488 llll.;
702 2443 793 2498 neqve
810 2425 961 2480 successori
977 2426 1099 2499 episcopi
1115 2423 1206 2486 licuit,

124 2531 186 2586 qve
206 2512 254 2568 bie
272 2512 366 2566 smicis
386 2512 528 2574 donasset,
556 2512 581 2566 si
605 2511 651 2565 vel
675 2510 760 2564 tertia
783 2527 848 2583 psrs
866 2527 964 2565 rerum
983 2508 1105 2564 eoetesia
1124 2514 1207 2572 meet,

124 2599 180 2652 sibi
201 2597 344 2653 vindicare
363 2600 450 2666 (conc
469 2595 587 2650 Emerit.
607 2611 630 2648 c.
651 2594 710 2663 81).

1328 571 1371 626 17.
1392 585 1468 624 eone.
1490 570 1579 624 Tolet.
1598 571 1651 634 lx,
1671 587 1693 624 c.
1715 571 1743 624 t.

1327 655 1372 708 18.
1407 655 1492 708 eone
1512 654 1630 709 Emerit.
1652 673 1676 708 c.
1698 656 1744 709 18.

1326 739 1371 792 lo.
1405 740 1490 792 Cone.
1508 739 1597 792 Psris.
1617 757 1640 793 e.
1660 741 1694 800 8,
1714 739 1841 792 Cabilon.
1863 755 1886 792 ο.
1907 741 1933 793 7.
1969 737 2052 794 ilinc.
2074 755 2149 794 conc.
2172 739 2262 795 Tolet.
2283 742 2337 806 lx,
2393 771 2397 777 .

1258 839 1281 878 c.
1301 823 1329 877 8.
1345 825 1450 878 sanxit:
1477 831 1529 878 “ut
1548 842 1635 896 quum
1654 823 1814 895 episcopum
1833 822 1904 878 mori
1924 823 2270 895 contigerit,1cpiscopsm,
2291 827 2339 898 qvi

1258 906 1294 960 sd
1316 905 1490 962 humandum
1515 925 1615 980 eorpus
1639 906 1698 978 ejus
1721 906 1883 970 advenerit,
1919 907 2064 979 descriptis
2090 908 2229 964 meciaris
2253 915 2338 982 atquc

1259 989 1403 1048 domorum
1422 991 1556 1054 internis,
1582 993 1606 1046 si
1625 992 1748 1064 locuples
1768 990 1929 1046 decedentis
1949 991 2065 1045 ecelesia
2084 992 2185 1056 inerit,
2207 1011 2264 1046 non
2283 1011 2339 1050 sm·

1258 1075 1346 1146 plius,
1375 1094 1456 1147 qvem
1476 1078 1577 1128 librom
1593 1079 1659 1130 nini
1676 1078 1707 1130 in
1730 1075 1832 1138 rebus,
1860 1075 1961 1148 quibus
1986 1076 2012 1130 ci
2034 1075 2186 1148 placuerit,
2215 1080 2339 1151 exceptis

1259 1161 1430 1214 ornamentis
1450 1161 1580 1226 ecclesiae,
1600 1179 1663 1214 cnm
1683 1161 1773 1234 grstia
1793 1159 1969 1223 offerentum,
1989 1161 2101 1216 anferre
2120 1169 2270 1233 pertentet.
2306 1163 2338 1218 si

1259 1261 1327 1298 vcro
1343 1243 1434 1298 ndnor
1447 1245 1533 1298 rebus
1551 1245 1699 1308 exstiterit,
1720 1246 1868 1298 dimidium
1880 1246 1981 1298 libram
1995 1245 2048 1298 sibi
2063 1245 2181 1299 licenter
2195 1247 2338 1318 usurpet.”

1326 1328 1373 1382 80.
1407 1328 1492 1382 Cone.
1510 1330 1602 1402 Tolet.
1622 1330 1660 1393 Χ,
1679 1331 1713 1392 8,
1734 1346 1810 1383 ωηο.
1832 1329 1961 1384 ilemens.
1981 1347 2004 1382 e.
2025 1329 2072 1384 81.

1326 1413 1374 1466 81.
1408 1412 1493 1466 Cone.
1515 1414 1604 1470 Paris.
1625 1433 1648 1468 c.
1669 1417 1697 1470 8.
1837 1479 1840 1488 ,

1327 1497 1373 1554 88.
1410 1497 1495 1550 Conc.
1516 1498 1634 1553 Emerit.
1653 1517 1678 1565 c,
1704 1501 1747 1554 11.

1327 1583 1374 1636 85.
1409 1582 1481 1636 lbid.
1501 1599 1524 1634 c.
1547 1583 1592 1636 15.

1327 1667 1375 1720 81.
1410 1669 1495 1721 Cone.
1515 1665 1604 1721 Tolet.
1625 1666 1677 1729 Ν,
1698 1684 1721 1718 ο.
1741 1667 1788 1722 88.

1327 1752 1374 1804 88.
1408 1751 1561 1824 Episcopus
1585 1751 1668 1804 etiam
1692 1750 1723 1804 in
1749 1750 1897 1806 monachos
1922 1752 2054 1816 sedisse,
2080 1753 2161 1808 docet
2183 1772 2258 1810 conc.
2286 1757 2337 1810 To

1260 1834 1308 1888 let.
1330 1834 1381 1897 Ν,
1402 1851 1426 1890 ο.
1446 1836 1494 1889 iil.
1641 1866 1643 1875 =

1327 1918 1375 1971 88.
1410 1918 1496 1972 Cone.
1516 1917 1607 1974 Tolet.
1629 1919 1667 1981 x,
1687 1936 1710 1973 e.
1731 1920 1764 1981 1,
1783 1919 1835 1974 cfr.
1856 1937 1933 1973 conc.
1955 1921 2046 1976 Cabil.
2067 1938 2090 1975 c.
2108 1922 2153 1976 11.

1328 2003 1374 2056 87.
1409 2004 1494 2057 Cone.
1515 2004 1605 2058 Tolet.
1626 2002 1706 2065 xvi,
1726 2021 1750 2058 ο.
1770 2004 1797 2057 7.

1328 2086 1375 2140 88.
1409 2086 1495 2142 Cone.
1515 2087 1605 2141 Tolet.
1626 2087 1679 2150 Ν,
1698 2089 1752 2150 18,
1771 2086 1822 2142 cir.
1842 2105 1919 2142 cone.
1938 2089 2046 2161 llispal.
2067 2089 2104 2146 11.
2125 2107 2148 2144 c.
2168 2093 2196 2145 0.
2294 2155 2298 2164 ,

1328 2172 1375 2226 80.
1410 2172 1495 2224 Cone.
1517 2171 1784 2226 solemnes.

1327 2255 1375 2309 50.
1410 2255 1478 2308 Cod.
1496 2255 1601 2310 dustin.
1621 2263 1650 2309 et
1669 2255 1775 2310 Tbeod
1796 2256 1830 2311 de
1850 2257 2053 2314 Defensoribns
2073 2259 2233 2316 Civitatem.
2269 2261 2334 2336 Leg.

1265 2339 1401 2412 visigoth.
1421 2340 1484 2394 Lib.
1505 2339 1544 2403 ll,
1565 2340 1620 2394 Tit.
1641 2339 1667 2404 l,
1687 2342 1736 2394 80.

1328 2423 1375 2478 iil.
1409 2423 1477 2495 Lep.
1499 2423 1635 2496 visigoth.
1656 2424 1718 2480 Lib.
1739 2426 1807 2490 xll,
1826 2426 1883 2481 Tit
1903 2427 1927 2491 l,
1947 2428 1974 2482 8.

1659 2702 1667 2732 i

926 3089 1064 3174 Notoe
1099 3089 1163 3172 od
1194 3117 1303 3201 pap.
1344 3089 1536 3222 lii-19.

196 3273 222 3328 1.
257 3260 390 3342 lloc'jnm
406 3285 481 3322 conc.
500 3268 607 3341 llispal.
627 3265 661 3322 ll.
681 3284 705 3322 ο.
723 3269 750 3321 8.
765 3265 944 3324 sanciendum
960 3285 1019 3324 csse
1035 3269 1145 3341 putavit
1160 3267 1204 3321 lais
1258 3267 1329 3321 libet
1346 3268 1428 3322 modo
1444 3267 1596 3322 vexationis
1614 3269 1772 3324 incursibus
1789 3268 1954 3334 illiduntur,
1976 3271 2022 3324 vel
2043 3269 2128 3325 sacris
2145 3272 2268 3326 audeant
2284 3272 2333 3328 mi·

125 3359 234 3414 verbim
253 3355 461 3417 “decrevimus‚
484 3361 584 3408 nt....
602 3353 698 3408 nullus
716 3359 843 3408 nostrum
860 3357 898 3424 (ns
916 3343 1202 3425 episcoporuszine
1257 3353 1377 3421 nistrare
1389 3353 1535 3415 altaribus,
1548 3353 1594 3407 vel
1605 3354 1770 3408 indiscussos
1780 3357 1817 3425 (οι
1827 3356 1902 3408 baud
1910 3355 2092 3424 examinatos)
2102 3371 2131 3408 se
2141 3356 2243 3410 divisus
2258 3357 2334 3426 iugc-

124 3443 237 3498 coneilii
254 3441 380 3496 examine
404 3438 591 3511 dejiciendum
608 3436 761 3510 qvemlibet
779 3438 976 3511 presbyterum
994 3438 1040 3492 rel
1058 3436 1204 3492 discessum
1257 3445 1322 3490 sant
1338 3440 1526 3500 monumentis,
1545 3441 1664 3509 exerptis
1684 3440 1756 3502 illis,
1774 3440 1821 3511 qvi
1838 3440 1923 3494 variis
1939 3455 2087 3512 corporum
2105 3440 2334 3496 incommoditati-

125 3526 261 3590 sndest‚”
278 3532 307 3580 ct
322 3524 353 3578 id
369 3523 491 3598 quidem,
508 3523 571 3596 qvis
594 3529 788 3593 compererant
802 3521 1019 3594 “Fragitsnnsn,
1038 3520 1203 3576 Corduben·
1257 3520 1311 3576 bus
1320 3521 1417 3584 dediti,
1427 3522 1486 3576 siue
1497 3522 1654 3594 hujusmodi
1662 3523 1837 3595 pensionibus
1844 3524 1875 3578 in
1883 3531 1988 3578 terram
1996 3523 2187 3596 approbantur
2195 3524 2256 3580 elisi
2266 3523 2336 3580 etc.”

124 3613 164 3666 sis
180 3610 302 3666 ecclcsiae
318 3609 532 3682 presbyterum,
558 3625 575 3662 s
595 3607 727 3678 pontifice
749 3623 800 3660 sun
817 3606 918 3678 injuste
935 3607 1002 3660 olim
1020 3605 1158 3678 dejectum
1176 3611 1204 3660 et
1325 3607 1352 3660 8.
1388 3606 1473 3662 Cone.
1490 3609 1685 3663 Aurelianens.
1704 3627 1727 3660 a.
1744 3609 1817 3672 811,
1842 3625 1865 3662 ο.
1883 3609 1917 3669 8,
1940 3608 1996 3664 “de
2018 3607 2245 3674 ordinationibus¹
2256 3609 2336 3664 cleri·

32 3737 35 3742 -
124 3699 305 3752 innocentem
322 3694 419 3747 exsilio
436 3689 666 3746 condemnatum”
687 3707 755 3745 csse.
799 3689 949 3754 Fatcntur,
975 3690 1059 3744 etism
1082 3689 1204 3744 usasultos
1258 3707 1355 3744 corum
1371 3691 1403 3744 id
1418 3691 1621 3756 observandum
1639 3709 1698 3747 esse
1721 3693 1907 3757 decrevimus,
1933 3701 1965 3748 ut
1987 3693 2084 3760 nullus
2105 3689 2280 3746 saccularium
2297 3694 2332 3746 ad

126 3799 202 3844 esse,
229 3779 275 3852 qvi
293 3779 460 3832 indiscussos
476 3783 612 3848 potestate
629 3774 789 3850 tyrannice,
816 3793 873 3828 non
891 3774 1056 3830 anctoritate
1073 3774 1204 3828 canoniea
1258 3775 1406 3831 clericatus
1422 3776 1544 3830 officinm
1561 3785 1760 3849 praeemantur,
1783 3777 1838 3831 nisi
1854 3784 1902 3830 aut
1919 3777 1992 3848 regis
2005 3775 2131 3848 jussione
2148 3783 2196 3830 sut
2214 3793 2277 3830 cum
2290 3775 2336 3848 ju·

127 3862 288 3928 damnant,”
305 3871 333 3918 ct
350 3862 404 3916 boc
423 3861 554 3933 principii
576 3860 664 3914 instas·
690 3864 864 3932 proponnnt=
891 3859 1056 3932 “episcopus
1077 3859 1204 3912 sacerdo·
1259 3860 1327 3913 dieis
1344 3860 1511 3917 voluntate'.
1552 3864 1612 3916 (ils.
1631 3861 1761 3918 Marcelli
1779 3860 1934 3914 Forinular.
1952 3861 2017 3914 libr.
2037 3860 2061 3922 l,
2078 3877 2102 3913 c.
2123 3859 2159 3912 10
2177 3878 2219 3931 ap.
2240 3861 2336 3914 leus.

125 3951 204 4011 tibus
222 3966 254 4002 ac
270 3947 404 4001 ministris
420 3946 496 3999 solus
512 3944 647 3998 bonorem
664 3943 731 3998 dare
747 3949 849 4016 potest,
866 3943 978 3997 auicrrc
995 3943 1070 3996 solus
1084 3960 1141 3996 non
1158 3960 1203 4014 po
1260 3944 1414 4017 Capitular.
1432 3947 1509 4000 'lom
1528 3946 1568 4009 ll,
1584 3963 1612 4018 p.
1620 3947 1686 4000 588.
1722 3956 1749 3999 ⁸⁴.
1760 3986 1767 4000 .
1778 3987 1785 3999 .
1796 3985 1802 4000 .
1813 3984 1837 3998 ..
1853 3945 2046 4016 precipientes
2063 3960 2133 4014 ergo
2144 3941 2286 4015 jubemus,
2304 3950 2338 3999 ut

125 4033 206 4089 test”.
250 4031 294 4085 Ex
311 4031 364 4084 boc
382 4031 480 4084 concil
498 4027 589 4084 Tolet.
606 4030 663 4090 Ν,
684 4046 707 4082 e.
724 4027 915 4082 ilildccrevit:
933 4028 1111 4098 “episcopum
1129 4043 1204 4098 pres-
1258 4028 1282 4083 si
1300 4037 1467 4084 memorstns
1484 4031 1535 4084 ille
1556 4033 1590 4085 dc
1615 4037 1700 4104 esput
1719 4047 1802 4085 suum
1821 4028 1895 4082 bene
1916 4029 2055 4100 ingennus
2077 4044 2136 4082 esse
2155 4027 2282 4091 ridetur,
2308 4035 2338 4082 ct
2417 4017 2420 4024 ’

124 4119 212 4194 byter
228 4125 278 4171 aut
295 4117 441 4177 diaconus,
458 4116 481 4168 si
499 4132 516 4167 s
533 4113 623 4186 gradu
640 4129 691 4166 suo
706 4112 811 4185 injuste
828 4110 965 4182 dejectus,
983 4110 1125 4166 inuam
1142 4127 1205 4184 syn-
1258 4113 1290 4166 in
1307 4114 1477 4186 poleptico·)
1500 4116 1613 4187 publico
1634 4115 1756 4170 censitus
1777 4130 1835 4168 non
1857 4120 1914 4177 cst,
1940 4113 2083 4167 licentiam
2105 4111 2208 4166 babeat
2231 4131 2337 4169 cernam

127 4205 181 4257 odo
198 4203 332 4257 innocens
349 4200 520 4271 reperistur,
543 4215 600 4250 non
622 4205 714 4269 potest
733 4213 792 4250 esse
810 4195 884 4270 qvod
900 4194 1006 4258 iuerat,
1031 4195 1084 4248 nisi
1102 4195 1205 4267 gradus
1260 4199 1359 4268 capitis
1375 4198 1418 4251 sui
1437 4189 1582 4254 tonsorare
1599 4207 1652 4254 etc.
1875 4188 1879 4193 ’

127 4288 241 4342 umissos
271 4286 388 4358 recipiat
415 4301 508 4339 coraus
535 4283 636 4338 altario
665 4281 699 4335 de
726 4298 811 4334 manu
838 4279 1053 4352 cpiscoporum.”
1096 4279 1206 4334 ldcirco
1328 4284 1354 4337 7.
1388 4283 1491 4338 1111111,
1514 4285 1565 4337 “iu
1581 4279 1682 4357 quibus
1697 4283 1824 4356 personis
1840 4281 1912 4337 nibil
1928 4283 2042 4336 sceleris
2059 4281 2213 4336 existimari
2230 4281 2333 4357 foedus

127 4373 258 4446 episcopo
285 4369 440 4424 verendum
467 4375 543 4431 crat,
572 4383 608 4420 ne
633 4366 693 4437 ipse
716 4371 863 4437 cogeretur
883 4363 1079 4438 presbytes-uns
1102 4363 1205 4437 injuste
1260 4373 1367 4420 nature
1384 4367 1548 4438 permittit.”

126 4475 247 4514 snuncre
263 4455 420 4526 expulsum,
437 4453 547 4510 muneri
565 4467 616 4504 suo
633 4448 787 4504 solenniter
804 4447 963 4502 restituere.

195 4546 223 4596 s.
259 4540 317 4594 “lli
331 4539 406 4592 enirn
419 4537 580 4609 pontiliees”
597 4536 644 4589 bie
659 4549 749 4587 canon
758 4534 861 4604 pergit,
880 4539 933 4586 “nt
942 4531 1056 4588 evidens
1065 4531 1206 4604 inquisitio

126 4627 275 4701 patefecit,
300 4623 452 4677 indiscreto
474 4619 662 4674 moderamine
685 4618 866 4690 parochianus
889 4617 1018 4672 ecclesias
1034 4632 1207 4690 praegravan-

127 4721 181 4774 tes.
199 4712 267 4764 dam
283 4709 313 4761 in
330 4704 522 4761 exactionibus
539 4704 673 4776 superllni
690 4695 853 4774 treqienter
869 4702 1007 4765 existunt,
1025 4718 1103 4774 punc
1119 4717 1206 4772 usqne

127 4796 166 4850 sd
182 4793 369 4849 exanitiosaesn
385 4797 515 4845 extremas
537 4788 649 4842 virtutis
670 4785 802 4860 quasdam
820 4784 948 4840 basilicus
964 4785 1127 4858 perduxisse
1143 4801 1206 4857 pro·

126 4875 260 4935 bantur.”

196 4965 225 5018 5.
261 4961 339 5016 “Nec
356 4976 478 5032 unqvasn
494 4957 759 5030 qeinqnnpensrinss
770 4953 831 5026 (alii
843 4959 938 5010 autem
951 4952 1144 5026 “vinarium''
1161 4953 1208 5008 bs·

128 5049 214 5116 bent)
231 5061 381 5098 numerum
398 5043 548 5098 erectionis
566 5041 695 5105 excedat,
724 5046 775 5094 sut
793 5039 913 5112 amplius
934 5057 1015 5111 qvam
1031 5055 1116 5092 unam
1134 5037 1208 5093 diem

128 5151 181 5206 per
197 5145 392 5202 unamqumq.
410 5128 552 5183 bssilicam
574 5123 733 5180 remorandi
750 5124 890 5178 licentium
907 5122 1033 5178 habnt?

197 5217 226 5268 1.
262 5213 329 5266 vit.
354 5211 421 5266 Bcd.
444 5212 503 5275 lll,
533 5213 584 5266 2⁰2
615 5207 730 5262 “Finito
753 5209 885 5264 conflictu
906 5224 940 5260 sc
961 5207 1053 5260 soluta
1074 5206 1207 5260 censione

129 5304 179 5372 (-
199 5319 223 5356 o:
246 5315 322 5352 conc.
339 5297 475 5351 Plasrens.
494 5315 517 5350 a.
535 5296 601 5350 881.
621 5294 676 5347 rid.
693 5309 756 5366 pag.
776 5293 811 5346 10
821 5295 870 5361 -)
889 5290 1071 5364 Agilberctas
1094 5290 1208 5344 domum

128 5383 222 5439 rediit.
258 5382 377 5436 Colman
393 5381 491 5434 videns
507 5387 629 5454 sprctam
645 5397 724 5432 suam
742 5377 895 5430 doctrinam
912 5367 1069 5449 sectamque
1085 5389 1145 5428 csse
1162 5374 1207 5427 de·

128 5477 262 5542 spectans,
281 5466 428 5537 assumptis
446 5463 504 5527 bis,
523 5465 568 5538 qvi
586 5481 615 5518 se
632 5462 709 5536 seqvi
727 5455 893 5524 uoluerunt,
912 5459 1017 5522 idest,
1036 5458 1082 5531 qvi
1100 5458 1208 5513 Pascha

128 5553 297 5608 catholicum
315 5559 343 5620 et
360 5558 504 5605 tonsuram
521 5567 643 5612 corone,
669 5565 733 5601 nam
758 5546 792 5598 de
814 5545 868 5597 hoc
890 5543 1003 5616 quaestio
1019 5559 1077 5595 non
1092 5542 1207 5595 minima

129 5645 208 5701 erat,
225 5637 350 5708 recipere
366 5633 509 5696 nolebant,
527 5633 649 5688 Scotiam
660 5637 802 5704 regressus
816 5635 868 5690 est,
883 5635 1056 5696 ,tractatum
1066 5643 1131 5681 cum
1140 5627 1207 5690 suis,

129 5723 199 5798 qvid
217 5723 251 5776 de
267 5721 313 5774 lais
329 5719 422 5774 iacere
440 5717 598 5784 deberet?-

200 5809 228 5862 s.
263 5823 340 5859 eone.
359 5804 449 5859 Tolet.
465 5802 517 5865 xl,
536 5803 623 5863 ο.15,
642 5799 691 5854 “id
707 5796 892 5853 communiter
909 5795 1067 5858 definimus,
1085 5799 1118 5849 ut
1134 5793 1206 5848 nulli

130 5893 169 5947 dc
187 5891 241 5954 bis,
260 5891 307 5963 qvi
324 5896 372 5943 aut
389 5889 419 5944 in
437 5895 541 5942 terram
558 5887 663 5958 arrepti
680 5904 695 5940 a
714 5883 883 5939 tamenta·
899 5880 1060 5945 illiduntur,
1078 5886 1127 5935 sut
1144 5895 1208 5952 qvo

1327 4451 1355 4505 8.
1389 4453 1434 4506 De
1451 4453 1594 4524 episcopia:
1622 4450 1771 4506 “noverint
1793 4468 1823 4504 sc
1832 4489 1907 4504 .....
1925 4458 1953 4504 et
1970 4450 2024 4504 loci
2046 4455 2076 4503 ct
2096 4450 2201 4504 ordinis
2218 4451 2262 4502 sui
2281 4449 2337 4522 dig·

1261 4538 1349 4592 nitste
1365 4537 1487 4608 privari'
1505 4543 1543 4609 (c.
1559 4539 1608 4607 1),
1631 4537 1666 4590 de
1681 4536 1873 4588 subdiaconis:
1890 4545 1972 4588 “isox
1989 4542 2079 4592 crunt,
2089 4533 2142 4587 snb
2160 4532 2338 4604 poenitentiis

1262 4622 1395 4676 oneribus
1412 4639 1501 4694 usquc
1518 4622 1554 4676 sd
1570 4629 1726 4675 extremum
1743 4620 1806 4674 vitae
1823 4621 1998 4682 monasteriis
2015 4617 2169 4688 religandi'
2187 4619 2224 4685 (ο.
2237 4617 2285 4683 8),
2303 4614 2338 4668 dc
2393 4663 2396 4670 .

1261 4707 1434 4780 presbyteris
1455 4714 1485 4762 et
1501 4705 1637 4768 naeonn,
1659 4705 1755 4760 eadem
1773 4705 1843 4768 nisi,
1865 4705 2076 4776 resipiscerent,
2093 4717 2182 4774 pocns
2198 4697 2337 4753 sancieba-

1264 4799 1320 4846 tur.
1337 4794 1375 4863 (ο.
1391 4792 1435 4858 ὅ).
1866 4819 1867 4824 =

1243 4890 1245 4898 ’
1330 4878 1358 4932 8.
1396 4874 1459 4938 vin
1478 4891 1553 4928 ωηο.
1570 4874 1661 4929 Tolet.
1680 4874 1732 4936 Ν,
1749 4873 1845 4935 ο18,
1863 4871 1943 4936 xvl,
1960 4890 1984 4926 ο.
2001 4872 2029 4926 s.

1331 4960 1378 5014 so.
1413 4960 1478 5014 vn
1496 4978 1557 5031 μς.
1578 4941 1695 5011 so-'ss

1331 5045 1376 5099 sl.
1411 5044 1471 5098 cn.
1489 5060 1565 5098 conc.
1577 5041 1668 5096 Tolet.
1680 5039 1733 5104 Ν,
1751 5042 1844 5095 ο.17,
1863 5040 2050 5112 “Qvicunqve
2073 5037 2192 5107 qaircopi
2205 5037 2338 5107 nsffrnpio

1263 5128 1414 5201 cujuslibet
1443 5126 1547 5201 sliqrid
1577 5123 1768 5181 ecclesiastieae
1798 5126 1928 5180 utilitatis
1955 5123 2145 5197 providerint,
2176 5129 2205 5194 et
2230 5139 2281 5191 pro
2307 5137 2338 5204 ω

1263 5215 1464 5288 quodcumque¹
1475 5211 1613 5266 modicum
1631 5213 1662 5264 in
1679 5211 1924 5263 rmrsnerstioncm
1939 5208 2128 5279 promiserint,
2150 5204 2279 5277 promissi
2296 5221 2338 5258 so·
2441 5219 2448 5230 ¹

1262 5301 1398 5355 lotionem
1420 5315 1467 5352 eos
1484 5296 1627 5351 exsolvere
1644 5295 1796 5366 oportebit:
1822 5294 1862 5347 its
1878 5298 1910 5346 ut
1927 5292 1970 5356 id,
1994 5290 2030 5345 ad
2048 5289 2196 5344 concilium
2215 5305 2337 5359 compro·

1262 5384 1380 5439 sinciale
1398 5383 1556 5443 deductum,
1574 5397 1671 5434 eorum
1688 5379 1867 5433 coeminentia
1882 5377 2077 5436 coniunctum
2099 5375 2161 5448 qvis
2178 5374 2249 5427 sicut
2266 5373 2337 5426 Pon·

1262 5473 1308 5526 lus
1324 5475 1410 5542 apost.
1428 5467 1478 5522 sit=
1502 5466 1610 5537 Dignus
1627 5472 1670 5518 est
1691 5464 1834 5536 operarius
1855 5461 1983 5516 mercede
1999 5458 2077 5514 susi’
2103 5459 2180 5514 loeus
2197 5457 2337 5519 classicam,

1262 5556 1309 5629 qvi
1327 5553 1405 5608 nulla
1421 5551 1651 5623 interpretatione
1668 5556 1739 5618 eget.

1330 5638 1377 5694 18.
1393 5637 1453 5692 cn.
1472 5651 1548 5690 conc.
1567 5633 1657 5688 Tolet.
1671 5631 1723 5696 Ν,
1742 5649 1765 5686 ο.
1785 5631 1835 5686 19,
1855 5632 2045 5686 “Perniciosa
2057 5626 2219 5682 mnnretndo
2237 5641 2336 5696 ncqsa·

1313 5829 1332 5878 ·)
1352 5824 1483 5881 Polepticssa
1496 5836 1512 5864 s.
1526 5821 1674 5877 polyptychum
1691 5825 1722 5862 est
1739 5819 1794 5860 illm
1806 5815 1921 5868 neamalis,
1940 5818 1962 5860 in
1976 5829 2016 5872 qvo
2028 5797 2216 5862 discribebsulnr,
2234 5817 2336 5867 spsotspuot

1349 5891 1456 5937 mla
1468 5904 1492 5934 sc
1505 5889 1614 5934 ubutarii
1627 5895 1688 5932 srsat
1701 5885 1754 5942 (vid.
1767 5885 1802 5929 liu
1815 5883 1898 5940 (dung.
1913 5883 1928 5926 l.
1941 5895 1959 5927 ο.
1973 5883 2033 5927 Tora.
2047 5883 2076 5931 V,
2090 5895 2111 5938 p.
2124 5879 2186 5931 850).
