5002 6366
2220 231 2280 315 dd

37 472 134 557 Quam
156 488 238 537 uero
257 439 296 535 in
316 464 456 569 reliquis
475 463 727 536 certaminibus
754 464 895 535 laudern
919 465 1046 537 Gallias
1070 467 1170 559 regni
1196 468 1393 539 sacerdotes
1415 479 1622 559 meruerunt,
1649 469 1690 540 ed
1710 494 1776 544 uec
1801 474 1925 545 Roma
1950 477 2092 548 antistes
2113 482 2277 554 necllii-
2339 473 2345 486 ’

37 603 136 698 paniae
155 600 353 692 patriarcha
376 602 504 694 dignus
527 605 623 668 erat'
667 596 823 687 Uterque
844 601 935 668 enim
961 600 1166 702 dominandi
1191 602 1352 695 cupidior
1377 626 1478 695 qvam
1505 603 1591 672 fidei
1614 585 1821 699 pietatisque
1847 633 1971 678 amans·
1996 621 2078 681 erat.
2130 616 2200 688 Hic
2221 628 2277 689 ta·
2315 589 2317 593 Ι

34 736 212 821 menuiros,
239 735 520 826 qvoshrereticos
539 733 704 820 habebat,
730 755 861 826 magna
882 734 1022 824 quidem
1044 737 1243 828 arrogantia
1269 746 1305 804 et
1325 739 1489 829 su'perbis
1509 761 1602 826 usus,
1629 741 1813 810 manifeste
1834 744 2079 830 adoriebatur3
2101 727 2161 818 ille
2181 774 2275 839 vero,

36 894 107 962 qvos
133 871 166 938 in
189 869 327 960 synodo
350 870 575 939 oecumenica
599 869 781 938 haereticos
809 866 1008 971 damnarat,
1042 870 1227 940 uerborum
1252 871 1433 940 lenociniis
1460 893 1585 966 capere
1611 874 1784 944 studebat.
1836 877 1909 947 Sed
1938 889 2061 950 neuter
2093 882 2159 954 sibi
2189 905 2277 956 con·
2312 895 2317 904 '

36 1015 111 1074 stare
131 1013 279 1096 poterat.
320 1004 531 1098 2Hispanum
552 1005 740 1094 prudentia
761 1004 928 1098 cogebat,
956 1016 1013 1092 ut,
1043 1006 1148 1074 missa
1177 1005 1308 1098 ingenii
1334 1006 1386 1075 sui
1414 1006 1612 1094 ferocitate,
1638 1009 1797 1078 Asturius
1819 1011 1930 1082 lenius
1957 1014 2173 1109 increparet3
2199 1020 2276 1090 uo-

35 1163 138 1210 nanus
165 1140 345 1226 Graecam,
368 1163 471 1230 qvam
493 1136 654 1207 laudibus
682 1139 869 1222 extulerat,
896 1139 1080 1208 ecclesiam
1102 1141 1137 1212 in
1158 1141 1220 1208 lite
1243 1140 1289 1208 de
1316 1141 1456 1232 spiritus
1483 1141 1591 1209 sancti
1613 1144 1837 1232 processione
1856 1148 2045 1218 ‘offendere
2070 1152 2273 1244 cogebatur.

172 1274 258 1364 lpsa
287 1295 369 1342 uero
393 1235 588 1342 certamina¹
603 1270 711 1363 hujus
732 1249 803 1342 'aesl
830 1292 873 1341 ex
899 1271 1117 1366 quadruplici
1144 1273 1242 1343 loute
1271 1285 1461 1344 manarunt.
1511 1275 1799 1368 Adoptianismus
1826 1304 1869 1350 ex
1893 1281 2032 1354 siucero
2057 1287 2135 1355 vers·
2154 1289 2276 1360 studio
2379 1346 2384 1356 ,

36 1408 206 1493 oriebatur,
233 1406 514 1500 Migetianisrnus
541 1416 576 1474 et
596 1406 850 1474 Beatianismus
872 1406 920 1474 ob
943 1408 1155 1477 dominandi
1174 1408 1378 1503 cupidinem
1402 1410 1569 1500 Elipandi
1596 1411 1685 1480 inter
1705 1412 1853 1484 haereses
1875 1417 2134 1506 reserebantur,
2159 1420 2275 1491 cultus
2377 1419 2384 1431 “

36 1544 208 1636 imaginum
230 1565 302 1613 non
324 1543 393 1611 alia
415 1541 460 1612 de
482 1566 585 1614 causa
617 1551 740 1612 contra
775 1505 908 1609 Gracc
939 1542 1095 1613 ecclesias
1121 1545 1207 1611 scita
1240 1545 1436 1630 vetabatur,
1468 1568 1569 1635 quarn
1601 1546 1695 1634 quod
1723 1545 1938 1619 Francorum
1971 1562 2129 1640 mentes,
2153 1554 2275 1624 litteris

36 1701 93 1746 non
114 1676 334 1746 mediocriter
360 1677 510 1763 imbutae,
534 1680 759 1772 impietatem
784 1673 863 1767 ejus
882 1688 1120 1784 perspectum
1141 1675 1339 1762 emmane,
1365 1677 1515 1770 denique
1537 1682 1769 1750 controuersia
1801 1681 1845 1770 de
1870 1689 2095 1775 processione
2125 1686 2276 1777 Spiritus

35 1813 120 1882 Sco
143 1812 412 1902 provocabatur,
439 1812 533 1905 quod
556 1811 682 1900 Graeci,
711 1833 776 1903 par
799 1813 875 1902 pari
900 1811 1030 1883 referre
1052 1813 1242 1907 cupientes,
1268 1833 1413 1918 ‘omnem
1437 1812 1579 1885 Latinos
1602 1814 1832 1909 aggrediendi
1855 1821 2153 1912 opportunitatem
2176 1821 2276 1895 auide

36 1947 241 2040 arripiebant.
323 1955 327 1963 ’

37 2273 441 2335 sacra'
1576 2285 1601 2321 ⁸

36 2448 51 2492 u
69 2430 78 2492 i
96 2449 110 2491 s
130 2450 158 2492 m
180 2450 209 2493 o.
480 2431 512 2495 4.
534 2421 796 2514 de'procesaione
815 2426 951 2516 Spiritus
970 2426 1078 2490 saneti.
1364 2433 1395 2496 b.
1439 2431 1480 2496 de
1500 2432 1564 2497 lide
1582 2435 1770 2517 populorum
1792 2449 2021 2504 consessorum.
2113 2446 2121 2464 '

35 2555 116 2612 Felicis
129 2558 247 2626 fautores
264 2562 341 2614 nacta
357 2557 450 2611 luerat.
516 2562 603 2629 Supra
616 2559 723 2612 allatum
738 2563 788 2625 est,
804 2557 1090 2618 inmuitornmconck
1180 2555 1229 2612 itis
1245 2561 1439 2629 certaminibus,
1454 2577 1510 2628 qua
1527 2560 1605 2616 docte
1620 2566 1786 2629 gerebantur,
1806 2564 1976 2620 dissimillima
1993 2576 2055 2622 sunt
2074 2570 2150 2640 bella,
2165 2588 2222 2641 qum
2240 2575 2274 2632 sd

37 2625 136 2680 Quorum
159 2646 244 2696 quum
276 2644 343 2680 unus
368 2627 450 2679 Felici
482 2629 574 2682 tiorum
598 2626 710 2681 decretis
737 2626 847 2694 Spiritui
862 2634 953 2680 sancto
972 2643 1078 2695 proces·
1110 2624 1276 2681 christianam
1295 2631 1373 2684 tidem
1389 2633 1457 2683 inter
1476 2632 1597 2684 barbaras
1614 2635 1760 2686 Germaniae
1777 2640 1869 2701 gentes
1890 2637 2083 2705 propagandam
2103 2657 2150 2709 per
2168 2643 2273 2711 longam

37 2696 195 2764 percusisset,
211 2705 247 2751 nt
263 2713 329 2750 nouo
345 2712 449 2751 eausam
481 2698 740 2751 sionemnonminns
754 2713 787 2747 es
797 2698 861 2763 fitia
875 2703 1079 2765 quamexpatre
1109 2713 1234 2751 annorum
1251 2700 1344 2753 seriem
1360 2701 1578 2767 suscipiebantur.
1615 2703 1674 2756 Noa
1692 2704 1796 2770 quidem
1815 2702 1894 2770 buius
1916 2707 1965 2758 loci
1992 2715 2034 2760 est
2055 2711 2158 2776 singem
2180 2721 2274 2769 events

36 2781 98 2818 suam
120 2769 226 2821 examini
256 2767 449 2828 committeret,
478 2762 1078 2834 'uindicatamtuisae<uid.pffl.&ej.uot.d);
1110 2767 1201 2820 bellica
1218 2784 1360 2824 recensere.
1405 2769 1459 2823 Sed
1482 2771 1591 2824 consilio
1615 2782 1712 2826 nostrae
1729 2774 1909 2828 satisfacturos
1931 2793 1979 2828 nos
1999 2788 2223 2850 essesperamus,
2240 2785 2273 2853 si,

36 2837 193 2904 lqu'ogrsnus
211 2839 310 2891 iterum
329 2836 365 2900 (a.
385 2841 449 2900 799)
482 2836 671 2892 bocautemeo
687 2836 794 2888 consilio
811 2835 1078 2890 Nicaeae-Constanti·
1108 2837 1187 2888 sacris
1203 2834 1244 2890 bis
1264 2839 1338 2891 bellis
1355 2839 1466 2892 breuiter
1482 2843 1708 2908 commemoratis,
1733 2842 1822 2911 paucis
1845 2842 2058 2914 indicaverimus,
2082 2848 2143 2914 quid
2162 2851 2274 2907 Ceruium

37 2901 450 2974 babitaestsynodus‚inqvaFe-
481 2909 631 2975 napolitano
649 2905 769 2972 symbolo
786 2903 904 2957 additum
925 2905 1024 2973 tuisse,
1049 2909 1079 2955 ut
1108 2901 1179 2958 hisce
1197 2914 1305 2960 secutus
1319 2909 1418 2970 tuerit,
1447 2923 1511 2975 quos
1527 2909 1674 2964 condiderit
1695 2912 1881 2981 episcopatus,
1907 2919 1935 2968 et
1956 2929 2065 2982 quorum
2085 2919 2200 2974 uirorum
2223 2923 2273 2994 piis

37 2975 76 3037 lix,
92 2992 163 3041 quum
183 2993 302 3046 praeseus
320 2976 365 3027 diu
381 2975 449 3027 mul·
481 2978 639 3030 ‚arianismus
654 2979 795 3028 arceretur.
836 2973 1078 3030 Quodaieninsna·
1107 2974 1202 3028 studiis
1221 2993 1285 3029 naua
1303 2978 1390 3031 tuerit.
1775 2997 1781 3008 ·
2031 3021 2036 3032 .
2091 3003 2095 3008 ·
2161 3005 2164 3013 ·

38 3051 196 3111 tamqvecum
206 3043 451 3112 Aictdnodispsta-
480 3054 596 3114 geretur,
616 3047 745 3115 Spiritum
755 3050 873 3098 sanctum
884 3060 917 3098 ex
927 3045 979 3097 tilio
988 3059 1080 3111 proce·
1178 3047 1203 3098 1.
1240 3046 1350 3100 Carolus
1368 3047 1475 3114 septies,
1493 3063 1516 3100 a.
1533 3051 1595 3113 m,
1610 3064 1634 3100 a.
1649 3051 1781 3113 tra—rs,
1799 3055 1899 3118 atto,
1916 3069 1940 3104 a.
1955 3057 2017 3121 tet),
2031 3053 2058 3108 a.
2074 3060 2136 3124 m,
2151 3063 2273 3113 qm...

38 3114 112 3180 risset,
120 3116 151 3170 ad
160 3118 256 3170 incitas
265 3114 396 3181 redactus,
411 3130 450 3166 re·
481 3116 552 3179 dere,
571 3118 627 3184 ipse
643 3113 1077 3182 tiliuspatreinteriordcscribere·
1107 3117 1156 3175 85,
1181 3130 1206 3167 a.
1221 3119 1360 3168 uua-603
1379 3133 1438 3170 cum
1455 3117 1590 3169 Saxonum
1603 3123 1683 3184 gente
1698 3117 1821 3170 ferociter
1833 3119 1974 3188 dimicavit,
1997 3140 2080 3192 nequa
2095 3134 2182 3181 umen
2199 3129 2273 3186 balli.

37 3195 169 3238 uocaturum
199 3204 230 3240 ae
264 3201 321 3238 esse
354 3181 450 3250 dogma
481 3195 538 3252 tur;
557 3185 641 3252 itaque
657 3183 691 3237 ad
706 3184 768 3249 Arii,
790 3183 1077 3251 bliumpatrisubordi-
1108 3197 1164 3233 cam
1183 3199 1274 3237 eornm
1290 3185 1430 3251 uirtutem,
1450 3201 1497 3253 pro
1520 3185 1639 3240 libertate
1663 3201 1711 3238 sna
1732 3195 1837 3240 strenue
1855 3192 2019 3258 certantium,
2035 3196 2155 3261 frangere
2175 3200 2272 3266 poturit.

38 3269 100 3306 suun
111 3257 233 3323 promisit.
258 3253 348 3320 Ne‘que
364 3259 449 3305 tamen
481 3257 575 3322 nantis,
591 3255 746 3307 sententiam
756 3254 881 3305 transitus
891 3253 991 3306 facilior
1000 3257 1076 3308 esset.
1108 3251 1197 3317 ltaque
1213 3252 1247 3306 ad
1264 3256 1357 3307 urbem
1371 3256 1432 3308 Sala
1449 3255 1543 3308 foedus
1558 3271 1617 3311 cum
1631 3256 1663 3308 ils
1681 3257 1797 3323 pepigit,
1813 3273 1848 3310 ex
1863 3274 1914 3324 quo
1930 3260 1993 3326 ipsis
2010 3277 2071 3316 suas
2085 3265 2187 3332 reliqvit
2200 3267 2272 3333 leges

38 3323 452 3390 nimbocconseauersaeseu,
480 3325 534 3379 Sed
548 3322 705 3390 quumillud
720 3323 1077 3376 innutiocouciliaoecnme-
1106 3327 1134 3374 et
1153 3325 1372 3392 consuetudines,
1393 3330 1484 3378 saucte
1505 3323 1645 3378 servandas
1657 3363 1667 3393 ,
1691 3332 1719 3378 et
1738 3341 1831 3379 census
1854 3329 2061 3397 tributorumqre
2080 3333 2272 3390 immunitatem

38 3393 451 3458 sesdidemiterumrelaberetur,
480 3397 539 3450 nico
554 3400 623 3448 esset
637 3393 776 3458 sancitum,
793 3392 877 3444 Graeci
894 3391 998 3460 pietatis
1014 3407 1074 3457 qua·
1107 3386 1148 3442 his
1165 3393 1266 3458 legibus
1284 3393 1442 3462 spopondit,
1465 3402 1494 3445 ut
1516 3394 1645 3446 lavacrum
1670 3410 1773 3446 sacrum
1788 3397 1914 3462 subirent,
1933 3397 2063 3467 episcopis
2081 3401 2229 3475 obedirent,
2243 3413 2286 3461 et,

37 3461 448 3530 satiusduxeruntlmidraduepi·
481 3465 540 3518 dam
561 3465 649 3532 specie
667 3463 786 3528 conqueri
807 3467 926 3529 poterant
937 3500 952 3528 s.
964 3461 1077 3526 antiquis
1108 3461 1223 3514 decimas
1238 3477 1312 3515 sacro
1331 3463 1414 3516 ordini
1435 3462 1619 3530 persolverent.
1657 3463 1722 3535 ilaec
1737 3479 1798 3516 uero
1818 3471 1949 3530 postrema
1967 3467 2009 3519 lex
2026 3469 2175 3525 saxonibus
2191 3474 2273 3528 mole-

38 3529 450 3602 scopoLugdunensi‚casstodien-
481 3532 915 3597 conciliorum·oecumenicorum,
948 3545 1004 3596 quea
1031 3545 1077 3598 per
1107 3531 1222 3583 ctissime
1247 3533 1306 3584 uisa·
1320 3540 1370 3586 est.
1405 3533 1494 3599 ltaque
1509 3533 1634 3586 atesinus
1648 3531 1903 3600 Carolumgrauiter
1917 3535 2069 3602 admonuit,
2091 3547 2121 3594 nt
2143 3540 2210 3598 banc
2225 3551 2276 3597 aut

37 3600 89 3653 dun
97 3619 151 3656 essm
160 3604 273 3657 tradere
292 3602 452 3655 (tvibnstac-
480 3604 664 3657 totnmorbem
674 3599 851 3654 Christianum
865 3601 1026 3664 colebantur,
1043 3598 1076 3651 de
1106 3600 1174 3652 terre
1190 3602 1331 3668 omitteret,
1346 3609 1393 3654 aut
1410 3601 1444 3654 ad
1460 3601 1530 3655 aliud
1550 3607 1654 3670 tempus
1673 3602 1798 3664 differret,
1821 3619 1870 3670 quo
1889 3605 1946 3672 ipsa
1969 3607 2061 3676 religio
2083 3609 2184 3666 radices
2205 3615 2272 3666 ntis

37 3671 73 3737 tis,
85 3669 345 3738 alcuinssmtipando
360 3671 452 3738 mquis-
480 3673 532 3727 tide
541 3673 653 3726 decretis
663 3670 758 3738 aliquid
773 3671 829 3723 sine
843 3686 946 3722 summa
956 3669 1076 3727 ecclesia-
1107 3669 1210 3723 altasin
1226 3672 1305 3724 feroci
1325 3669 1375 3724 hoc
1391 3671 1488 3740 populo
1505 3671 1610 3738 egisset,
1624 3671 1750 3738 siquidem
1767 3673 1877 3724 ”melius
1893 3683 1964 3728 esset
1980 3675 2178 3734 decimationem
2194 3683 2272 3738 amit-

37 3741 97 3794 sinis
110 3744 189 3795 uerbis
203 3741 331 3809 scripsit,
355 3741 396 3792 cui
412 3747 450 3792 ta·
480 3744 546 3796 stica
559 3743 715 3794 auctoritate
729 3737 861 3804 adjectum
878 3755 945 3792 esse.
987 3737 1076 3806 Neque
1107 3746 1162 3791 tere
1183 3756 1258 3807 quarn
1277 3739 1355 3793 tidem
1374 3741 1550 3808 perdere”¹⁸.
1592 3741 1646 3792 Sed
1667 3740 1778 3794 carolus
1799 3741 1966 3796 sacerdotum
1989 3763 2112 3812 suorum,
2139 3767 2205 3816 quos
2225 3753 2271 3804 Al·

37 3811 450 3879 nenepistotcbtctuteras,acer-
481 3810 531 3865 boc
547 3813 634 3865 tacere
652 3811 803 3862 omiserunt.
845 3809 911 3861 Nam
930 3811 955 3860 in
974 3807 1075 3874 synodo
1107 3809 1198 3862 cuinus
1216 3810 1427 3878 ”praedatores”,
1449 3827 1501 3862 non
1522 3810 1742 3878 ”predicatores”
1766 3827 1824 3864 esse
1843 3812 1972 3876 eitirmat,
1997 3817 2111 3870 consitiis
2135 3820 2270 3888 abreptus,

37 3881 81 3934 be'
98 3888 123 3934 et
140 3884 205 3935 telso
231 3880 310 3932 dictis
328 3881 450 3943 refertas,
480 3882 677 3946 Gentiliaceasi,
691 3880 759 3934 tuter
768 3877 1076 3936 Gremsctbssisosoc-
1107 3895 1159 3931 non
1177 3879 1261 3932 solum
1279 3882 1304 3932 vi
1322 3879 1439 3933 decimas
1455 3879 1561 3946 exegit,
1579 3879 1720 3938 sedetiam
1737 3881 1829 3934 memb
1845 3883 1974 3949 supplicio
1991 3901 2080 3939 omnes
2098 3888 2166 3940 affici
2178 3888 2271 3956 laesit,

38 3953 153 4017 opposuit.
361 3991 363 3998 .
482 3955 594 4019 lebrata,
615 3965 723 4018 quorum
740 3965 819 4016 supra
838 3949 995 4000 mentionem
1013 3948 1075 4000 seci—
1106 3950 1147 4016 qvi
1159 3949 1324 4016 eut”pagani
1339 3965 1488 4016 permanere
1504 3949 1664 4014 uellent”¹⁴,
1682 3954 1728 4013 aut
1744 3959 1855 4018 ”corpus
1872 3949 1986 4007 defuncti
2004 3950 2272 4014 bominissscnudum

70 4021 129 4073 [run
139 4022 212 4074 Felix
222 4015 349 4086 Lugduni
363 4024 449 4070 custo·
482 4039 548 4088 mus,
565 4020 598 4073 de
613 4019 663 4073 lrac
680 4034 821 4086 quoquere
836 4019 1013 4085 quaerebatur3
1028 4015 1074 4069 sed
1106 4020 1184 4070 ritum
1204 4033 1363 4087 paganorum
1381 4021 1485 4070 tlanrma
1504 4025 1704 4070 consumereut”
1715 4021 1753 4085 ¹⁶,
1778 4025 1824 4072 aut
1847 4019 1927 4074 etiam
1950 4025 2189 4093 ”quadragesimale
2201 4025 2271 4096 jeju-

37 4085 243 4158 dicetur,omncm
254 4088 326 4140 dedit
336 4103 451 4155 operam,
481 4092 555 4143 nobis
573 4105 623 4142 non
639 4098 752 4154 constat,
767 4085 891 4152 numquid
907 4087 942 4138 ibi
957 4085 1075 4138 delinire-
1107 4089 1177 4140 aium
1197 4093 1392 4140 contemnerent
1408 4093 1436 4139 et
1453 4103 1556 4140 urnam
1574 4087 1808 4141 consurrectum.

37 4163 62 4208 ⁰2
82 4161 230 4220 0blectivum
255 4159 381 4210 tutionem
405 4159 449 4208 filii
481 4169 533 4216 tur.
555 4163 584 4213 A.
600 4165 652 4212 ttl
666 4159 792 4211 Paulinus
808 4154 976 4222 Aquileiensis
991 4157 1076 4223 ipsum
1174 4160 1201 4208 2
1226 4157 1279 4210 -Ex
1296 4155 1336 4210 bis
1353 4173 1416 4208 uero
1432 4163 1518 4222 patet,
1542 4156 1665 4210 carolum
1690 4174 1743 4211 non
1763 4164 1818 4210 tam
1840 4155 1988 4212 christianae
2010 4162 2160 4229 piatatia'la
2177 4166 2272 4222 animis

35 4225 75 4280 liei
84 4228 227 4284 etbomiuis
237 4227 386 4283 meditando
395 4242 451 4295 per·
484 4229 533 4284 boc
562 4227 768 4282 additamentum
792 4228 818 4280 in
843 4225 945 4291 synodo
967 4224 1075 4291 quadam
1105 4227 1238 4278 Saxonum
1255 4225 1354 4279 stende
1371 4225 1520 4296 studiosum
1535 4225 1625 4294 tuisse,
1644 4241 1719 4293 qram
1735 4225 1763 4280 id
1781 4227 1869 4296 potius
1888 4229 1983 4296 egisse,
2001 4238 2031 4283 ut
2047 4233 2174 4297 Saxones,
2190 4251 2270 4292 caeca
2302 4262 2304 4266 ·

36 4299 148 4366 spiraret,
166 4315 250 4366 neque
269 4299 373 4364 potuit,
391 4295 450 4362 quin
480 4299 650 4367 confirmauit,
663 4305 690 4350 et
705 4295 819 4364 quidam,
834 4311 866 4347 ne
880 4296 937 4362 quis
954 4302 1076 4346 autuma-
1105 4298 1172 4366 sacri
1188 4295 1287 4349 ordinis
1305 4297 1431 4365 obsequio
1446 4294 1596 4363 adstrictos,
1614 4297 1769 4364 promtiores
1783 4294 1920 4365 redderet,
1937 4299 1979 4365 qui
1998 4301 2064 4354 ciuili
2083 4303 2141 4369 ejus
2158 4305 2269 4373 imperio

36 4363 451 4421 damnatamsnamtormulanrre-
481 4375 529 4435 ret,
541 4369 669 4436 Spiritum
685 4367 808 4419 Sanctum
825 4365 1012 4430 ”personaliter
1026 4363 1077 4414 Pa·
1107 4373 1236 4434 parerent.
1713 4385 1716 4392 ¹
1854 4406 1858 4420 .

35 4435 450 4502 terisuerloremhaberettdeqvo
479 4445 546 4492 trem
565 4438 605 4490 rel
622 4438 720 4490 Filiam
737 4436 862 4490 ssse”¹⁰.
892 4433 958 4486 Post
979 4432 1076 4486 multos
1179 4438 1206 4486 ³.
1241 4437 1312 4488 Hinc
1329 4435 1410 4502 igitur
1428 4442 1528 4490 tractus
1543 4432 1664 4488 saxoniae
1681 4431 1862 4488 sacerdotibus
1880 4435 2010 4504 implevit,
2024 4434 2116 4505 hisqre
2131 4442 2219 4511 episeo
2256 4461 2271 4498 s

36 4510 269 4562 conuersatione·
284 4503 449 4574 posthumum
479 4504 713 4573 annosiobenaes„
729 4501 872 4560 monachus
888 4503 1078 4568 Hierosolymi-
1107 4504 1234 4572 prefecit.
1277 4505 1335 4557 (tuo
1351 4513 1437 4558 autem
1451 4505 1542 4560 ordine
1559 4501 1654 4568 singuli
1670 4503 1837 4571 episcopatus
1854 4505 1952 4558 conditi
1968 4507 2073 4574 suerint,
2089 4512 2200 4565 multum
2236 4514 2283 4566 is·.

35 4575 133 4644 reliquit.
151 4575 450 4644 Quausquumbgober-
481 4585 575 4646 tanus,
595 4593 676 4643 quum
694 4575 876 4642 cognovisset,
894 4571 1077 4624 Occidentales
1107 4579 1227 4642 putatum
1242 4577 1333 4638 esest,
1351 4591 1433 4640 neque
1448 4575 1503 4628 sine
1518 4589 1620 4627 summo
1641 4573 1754 4639 partium
1771 4573 1867 4626 studio.
1903 4575 1958 4627 Nos
1971 4591 2031 4629 uero
2043 4573 2165 4632 histricia
2177 4595 2269 4649 parurn

36 4641 93 4712 dus,
115 4649 154 4714 qui
174 4645 307 4700 Leidrado
326 4645 449 4712 episcopo
481 4645 604 4714 quosdam
620 4643 771 4710 monachos,
787 4644 822 4694 ibi
838 4642 973 4708 degentes,
993 4640 1077 4709 dupli-
1107 4643 1266 4708 tribuentes,
1290 4649 1393 4696 tastum
1409 4645 1482 4712 ipsos
1500 4645 1666 4712 episcopatus
1684 4644 1890 4706 raoeuselrimus,
1917 4649 1946 4696 ut
1962 4644 2023 4699 inda
2042 4656 2175 4716 appareat,
2192 4665 2269 4719 quam

35 4725 191 4782 successerat,
208 4715 385 4780 cognovisset,
400 4713 450 4764 Ne-
480 4733 537 4771 cem
552 4717 621 4769 illam
639 4715 832 4784 processionem
846 4713 960 4784 Spiritus
976 4711 1004 4762 S.
1017 4725 1077 4778 pro-
1108 4712 1159 4766 late
1180 4711 1266 4764 Caroli
1289 4715 1369 4766 armis
1392 4712 1459 4766 chae
1482 4714 1591 4768 eccleaia
1614 4719 1757 4794 propagata
1774 4713 1818 4766 sit.
1853 4711 1935 4765 Erant
1954 4715 1990 4766 illi

34 4787 217 4841 storianismuua
241 4785 338 4840 Felicis
366 4783 450 4836 fusius
481 4788 557 4854 meri,
572 4787 740 4855 quaestionem
754 4781 1003 4836 deearemosit¹¹.
1025 4780 1076 4832 lta·
1203 4799 1227 4834 a.
1246 4781 1315 4832 inter
1335 4782 1530 4849 lifestpbotlorr
1552 4781 1715 4848 Osnabruek,
1733 4779 1894 4846 Puderborn,
1912 4781 2020 4846 Minden
2037 4793 2065 4839 et
2083 4785 2268 4855 Mimigardgn.

34 4855 134 4909 refutare
148 4865 258 4912 conatus
273 4862 324 4908 est.
481 4856 624 4922 quemiseri
635 4850 753 4907 monacbi
769 4853 868 4904 litterae
883 4850 979 4902 dabant
993 4849 1076 4901 Leoni
1247 4850 1315 4917 iord,
1334 4858 1426 4918 postea
1440 4851 1560 4904 Misnster
1576 4851 1786 4918 (monasterium)
1801 4857 1923 4912 vocatus3

66 4923 183 4994 Sittaque
195 4941 285 4979 omnes
297 4922 376 4991 hujus
390 4936 445 4974 con-
481 4927 573 4991 lll‚et‚
590 4923 739 4989 utuidetur,
755 4921 803 4990 ipsi
814 4920 908 4973 camin
919 4919 1077 4987 imperatori.
1199 4922 1225 4972 b.
1245 4919 1314 4983 inter
1338 4920 1508 4988 Ostplsuttoss
1531 4917 1708 4982 Hildeabeim,
1733 4921 1777 4972 cui
1797 4927 1885 4973 tamen
1900 4919 2050 4976 Ludouicua
2068 4922 2099 4975 Ρ.
2115 4924 2270 4992 episcopum

34 4994 153 5048 trorersiaa
175 4997 291 5049 rationes
312 4993 451 5060 diligenter
481 4997 569 5062 Neque
577 4993 621 5048 bic
631 4996 663 5046 iis
672 4992 765 5046 deisit.
787 4987 1075 5057 Namqueet'synodum
1245 4988 1351 5042 densum
1374 4991 1500 5057 praeterit,
1516 4997 1544 5044 et
1561 4987 1744 5053 llatberstadtr

34 5065 174 5118 examinatae
185 5066 293 5132 tuerint,
309 5061 449 5133 qsisdubi·
481 5055 1077 5132 aquisgranensema.809demerehabuitmt
1204 5073 1226 5111 c.
1245 5058 1274 5110 ta
1292 5059 1411 5111 δωοιιία
1430 5058 1554 5125 iqfcriors'
1562 5076 1572 5108 .·
1589 5058 1684 5111 Brema
1701 5065 1728 5112 et
1746 5057 1841 5111 ilerda.

33 5131 90 5185 tabit
106 5134 189 5188 Felici
215 5137 322 5190 sincerae
349 5133 450 5197 uerique
481 5133 631 5187 Tbeodulfo
659 5131 835 5184 aurelianensi
868 5127 1075 5181 Occidentalinm
1176 5126 1285 5180 Carolus
1301 5129 1378 5180 etiam
1396 5129 1463 5179 iuter
1481 5129 1584 5190 Stobos,
1606 5128 1674 5181 ultra
1683 5129 1769 5181 albim
1786 5126 1921 5194 degentes,
1940 5133 1968 5180 et
1985 5129 2097 5195 Aneros,
2112 5146 2134 5182 s.
2147 5129 2268 5202 Humor,

33 5204 205 5257 amantissimae
228 5205 322 5257 mentis
347 5201 448 5254 laudem
481 5203 577 5270 dogma
593 5200 785 5256 defendendum
803 5199 941 5263 commisit,
957 5197 1076 5250 etlreoni
1107 5211 1170 5265 quoa
1182 5197 1249 5249 bello
1259 5199 1403 5266 uicerat¹⁸‚
1419 5214 1471 5249 non
1481 5197 1583 5264 quidem
1592 5201 1655 5250 satis
1684 5209 1789 5267 ruspare
1798 5197 1949 5264 religionem
1961 5197 2150 5264 praedicandam
2160 5204 2269 5256 curauit.

33 5269 150 5334 tribueres
166 5275 393 5337 nectacileerunt,
408 5271 449 5335 qui
482 5267 669 5339 llllegatos1'
685 5271 718 5324 de
733 5271 825 5323 eodem
841 5270 921 5322 misit.
945 5267 1077 5332 llicvero,
1176 5270 1203 5319 4.
1238 5267 1388 5334 Quanquam
1404 5283 1465 5320 vero
1481 5268 1591 5332 ¹Carolus
1611 5267 1645 5320 ad
1662 5218 1711 5323 bos
1731 5269 1841 5336 populos
1858 5266 2047 5348 convertendos
2063 5269 2141 5321 armis
2157 5274 2269 5325 maxime

33 5351 77 5392 uon
85 5343 205 5398 stolidam
213 5343 387 5409 arrogantiam
397 5340 450 5392 mi-
480 5345 630 5396 Graecorum
645 5341 767 5398 inuidiam
781 5347 914 5402 metuens,
935 5353 1076 5403 quanquam
1108 5337 1239 5402 utebatur,
1257 5353 1308 5388 non
1327 5337 1401 5405 pauci
1419 5344 1504 5390 tamen
1523 5338 1568 5389 uiri
1588 5353 1647 5390 uere
1662 5335 1796 5391 christiani
1808 5335 1841 5389 de
1859 5337 1984 5402 religione
1996 5337 2064 5390 inter
2079 5338 2137 5392 illos
2155 5341 2200 5411 pia
2216 5348 2268 5395 trs-

34 5410 213 5474 pandi,tetram
227 5413 369 5480 tyrannidis
379 5411 450 5478 igur-
481 5416 506 5465 in
516 5411 742 5475 commentatione,
755 5409 788 5460 ad
800 5405 939 5460 monachos
949 5405 1006 5458 iilos
1017 5407 1076 5458 mis·
1108 5406 1272 5459 dendabma
1289 5411 1448 5458 meruerunt.
1485 5403 1618 5459 luterhos
1634 5410 1765 5461 eminent:

34 5476 92 5532 tiam
103 5481 225 5534 Hadriani
236 5489 263 5536 et
272 5483 377 5542 leonis,
387 5497 450 5550 pou·
481 5497 518 5550 sa,
534 5481 610 5534 docte
619 5479 771 5547 disputavit,
787 5477 914 5546 Spiritum
924 5477 952 5527 S.
964 5491 997 5528 ex
1007 5485 1078 5527 utro
1179 5479 1203 5528 1.
1223 5476 1353 5528 Sturmius
1364 5477 1395 5543 (†
1404 5477 1469 5542 tus)
1479 5478 1520 5542 qui
1530 5476 1624 5528 Carolo
1635 5479 1661 5530 ia
1674 5481 1756 5546 prima
1766 5476 1822 5542 ejus
1832 5473 1999 5544 expeditione
2015 5478 2099 5532 affuit.
2141 5481 2169 5534 2.
2185 5480 2267 5535 Bersa-

26 5545 133 5617 titicnm,
148 5557 175 5604 et
184 5552 261 5606 docta
270 5552 387 5604 Francius
396 5549 451 5616 epi·
480 5567 538 5619 que,
555 5559 608 5604 tam
624 5551 759 5618 tilioqsat'n
776 5557 857 5616 patre,
874 5546 1077 5614 procederem·
1108 5546 1216 5598 bordas.
1261 5549 1287 5600 3.
1309 5545 1473 5615 Egitfridur.
1528 5549 1554 5600 4.
1583 5547 1675 5610 tl'ito,
1697 5548 1807 5612 Frisius,
1828 5545 1995 5600 Osnabrisck.
2015 5549 2155 5616 episcopus
2173 5551 2267 5606 lactus.

33 5629 173 5688 troporum,
187 5619 450 5688 incasssltsqridem
481 5631 541 5677 men
560 5622 666 5687 indigns
680 5620 797 5684 terebat,
821 5613 950 5682 talequid
968 5613 1078 5680 antiquis
1108 5620 1134 5667 5.
1154 5615 1324 5682 Hortamur,
1347 5617 1448 5682 origine
1464 5617 1544 5670 Saxo.
1595 5622 1621 5674 6.
1641 5618 1829 5677 mesanum,
1854 5615 1955 5682 origine
1971 5617 2050 5670 Suro.
2101 5623 2128 5671 t.
2148 5620 2270 5692 luidger,
2331 5669 2333 5674 .

33 5689 159 5743 severitate
175 5692 282 5760 obtusa,
299 5691 388 5746 studia
405 5707 450 5758 sg-
481 5689 541 5744 tidei
567 5692 709 5744 canonibus
732 5677 852 5740 additum‘
877 5685 943 5737 esse.
989 5682 1078 5748 Neque
1110 5683 1273 5736 Monasterio
1298 5685 1437 5752 episcopus
1454 5685 1618 5754 praepositus.
1674 5693 1700 5740 8.
1720 5685 1880 5754 llitrtegrs'ru.
1932 5690 1958 5739 9.
1979 5684 2135 5756 Tbietgrisr,
2160 5687 2266 5742 Helber.

34 5760 170 5827 nosmnt·).
482 5758 562 5826 igitur
578 5758 634 5813 hacc
649 5761 801 5811 oratorum
812 5751 1077 5821 Latinorumquedts-
1111 5757 1151 5804 lt).
1175 5753 1318 5815 tt'ittetad,
1337 5755 1447 5809 Bremia.
1507 5759 1547 5809 ll.
1566 5760 1646 5822 Arno,
1663 5755 1777 5827 archiep.
1793 5755 1951 5822 Jusariess,
1968 5757 2037 5812 inter
2052 5761 2149 5811 avaros
2164 5758 2268 5824 religio-

481 5829 567 5884 aeuaio
584 5829 729 5898 composita
744 5836 793 5883 est.
1111 5838 1170 5876 nem
1193 5821 1308 5878 tradens.

1659 5991 1677 6032 a
