5002 6366
1431 449 2459 537 Qviscssetstatus

1972 661 2013 744 is)
2046 615 2467 742 rationemaglstrs

279 880 282 885 V
334 812 358 861 l.
379 807 492 872 Clerici,
508 808 576 877 qvod
594 807 664 866 eedea
679 812 833 878 sucrejure
848 809 917 878 negls'
931 806 1047 880 prreditae
1061 818 1163 877 essem,
1178 827 1237 865 rene
1261 819 1357 882 contro
1369 811 1465 882 popuii
1478 811 1708 886 uirnjudicumqoe
1723 814 1878 870 sententian
1894 812 2294 882 incoasuitnratucripoternnt.
2330 811 2403 887 Qvod
2417 813 2465 879 Jus,

226 927 263 964 ex
283 913 437 981 templorum
455 912 592 979 gentilium
609 916 747 968 sanctitate
765 913 933 980 transleturn,
962 929 1023 966 cere
1048 930 1080 968 ue
1101 913 1290 970 inconsiderate
1308 915 1421 982 judices.
1457 916 1563 968 Etenim
1586 931 1668 983 quum
1695 932 1729 970 ex
1754 916 1856 982 legibus
1873 915 2034 969 Francorum
2057 917 2143 988 omnia
2165 914 2288 980 crimine,
2313 913 2395 968 cedes
2411 917 2467 986 ipss,

95 1037 97 1040 ·
120 1082 123 1088 ι
230 1015 291 1067 duta
308 1016 417 1082 pecunie
432 1015 531 1086 expiari
547 1017 659 1071 solerent
670 1018 692 1084 ¹,
704 1017 750 1082 jus
765 1016 846 1082 styli,
862 1013 929 1083 qvod
945 1031 1048 1070 reorum
1070 1018 1149 1072 ritem
1165 1019 1300 1080 tuebatur,
1318 1035 1400 1086 poene
1414 1034 1460 1071 eos
1475 1014 1546 1071 haud
1562 1019 1703 1098 liberairet,
1717 1017 1765 1073 sed
1780 1015 1847 1072 hene
1861 1016 1896 1071 ad
1912 1025 2016 1086 tempus
2031 1027 2133 1074 tentum
2148 1017 2298 1080 differebam
2313 1035 2362 1084 qra
2375 1035 2402 1072 rc
2417 1037 2467 1072 ceu·

229 1124 287 1170 turn
302 1126 367 1184 eret,
392 1134 424 1172 ne
440 1119 576 1170 criminum
591 1119 628 1170 rei
644 1118 677 1169 ab
692 1119 764 1172 iratis
780 1115 941 1184 hominibus,
965 1134 1030 1186 qros
1044 1120 1178 1186 iresersnt,
1201 1120 1298 1187 injusto
1314 1103 1360 1185 (oe
1374 1120 1476 1186 iegibus
1492 1117 1563 1173 hund
1578 1121 1764 1188 consentaneo)
1779 1121 1907 1189 supplicio
1922 1122 2095 1178 altlcemtur.
2136 1119 2258 1187 Accedit,
2284 1120 2351 1188 qrod
2367 1137 2412 1187 per
2425 1119 2467 1174 hoe

234 1235 333 1288 mm,
349 1239 428 1290 quum
445 1221 471 1274 in
488 1221 570 1273 Gellia
586 1235 637 1273 non
653 1226 707 1300 tenu
723 1221 779 1288 ipsu
795 1221 881 1286 legum
896 1224 1051 1291 auctoritas,
1066 1239 1140 1290 qvem
1152 1224 1194 1302 γὴ
1209 1237 1339 1276 srmorunr
1354 1223 1464 1289 unieret,
1481 1223 1535 1276 tsle
1550 1225 1650 1290 asylum
1666 1224 1761 1278 multus
1776 1225 1917 1277 multorum
1933 1226 2038 1290 injurios
2052 1223 2175 1280 cohibere
2193 1229 2302 1293 poterat.
2327 1225 2380 1278 Sed
2396 1227 2466 1278 isten-

144 1380 154 1398 χ
237 1323 300 1377 dum
316 1329 371 1387 esi,
396 1326 483 1394 ipsum
495 1322 539 1388 jus
555 1324 618 1390 asyli
634 1323 734 1376 clericis
750 1323 891 1390 praebuisse
907 1326 1127 1392 opportunitatem
1144 1343 1194 1379 non
1210 1324 1293 1379 solum
1309 1341 1367 1379 reos
1379 1325 1498 1392 justene
1515 1327 1655 1381 sulubriter
1670 1325 1777 1392 tuendi,
1791 1325 1848 1380 'sed
1863 1327 2003 1382 sceleratos
2026 1343 2139 1397 quosque
2159 1323 2277 1379 homines
2295 1327 2373 1394 justis
2389 1330 2467 1396 poenis

235 1425 408 1481 subducendi.
444 1424 521 1481 Qvod
537 1428 633 1495 passim
647 1427 744 1479 lectum
760 1441 818 1478 esse
834 1425 859 1476 in
875 1425 947 1478 tuuis
962 1431 1062 1481 morum
1080 1429 1261 1496 perversitate,
1276 1429 1333 1496 qris
1348 1427 1499 1482 dubitabltl

340 1555 375 1607 At
390 1555 502 1608 selutare
518 1552 581 1605 illud
599 1551 661 1618 jure
680 1551 745 1618 asyli
763 1549 873 1618 justitiae
896 1565 947 1603 non
962 1552 1048 1605 miuus
1068 1569 1143 1620 qrem
1165 1554 1255 1622 pietati
1270 1552 1447 1608 setisl'sciendl
1461 1543 1612 1619 consilium,
1634 1555 1768 1622 perspicue
1784 1553 1871 1624 prodit
1886 1569 1959 1608 conc.
1975 1553 2062 1608 Tolet.
2080 1555 2130 1619 Vl,
2146 1573 2169 1619 e.
2190 1559 2238 1610 122
2262 1555 2357 1623 ”quod
2378 1557 2399 1608 si
2415 1557 2461 1623 ipse

230 1655 273 1719 (os
292 1656 426 1725 ''peustor
443 1655 621 1724 culparum’).
631 1691 640 1708 .
650 1690 658 1707 .
667 1651 701 1706 sd
718 1653 1125 1721 eccleslsmleceritconluginm,
1139 1655 1282 1710 interaeasu
1295 1655 1460 1710 sacerdotum
1475 1661 1502 1710 et
1513 1657 1655 1710 reverentis
1666 1657 1725 1722 loci,
1739 1656 1811 1724 regie
1826 1656 1851 1708 in
1867 1671 1899 1709 eo
1915 1655 1998 1723 pietus
2012 1663 2166 1724 reservetur,
2181 1658 2323 1712 comitcrste
2331 1659 2462 1724 justitior

233 1759 261 1814 in
270 1759 354 1814 Gsliie
369 1767 462 1814 auten·
471 1773 544 1812 cono.
553 1757 676 1810 Remeus.
691 1756 727 1822 (a.
742 1755 806 1822 neo)
820 1772 843 1808 c.
857 1756 920 1808 vit²
937 1757 988 1810 reia
1003 1773 1053 1828 nen
1070 1775 1159 1826 poenae
1173 1761 1361 1816 immunitatem
1377 1759 1424 1814 sed
1438 1763 1497 1814 sites
1509 1759 1731 1824 membrorumqre
1743 1759 1908 1812 securitatem
1920 1775 2010 1827 panse
2025 1761 2115 1814 voluit.
2139 1761 2228 1828 ltaqee
2242 1761 2361 1830 repetitis
2376 1761 2463 1812 vicibus

229 1861 359 1929 sancitur,
380 1862 484 1930 nequis
503 1858 643 1927 impediat,
673 1873 723 1925 qvo
741 1859 826 1911 miuus
842 1857 879 1911 rel
895 1857 926 1911 sd
942 1861 1077 1914 ecclesiam
1092 1862 1131 1914 rel
1152 1865 1245 1916 atrium
1265 1865 1400 1918 ecclesie·
1418 1863 1472 1928 rei,
1499 1863 1543 1914 ubl
1558 1862 1624 1914 atris
1637 1860 1708 1913 nulia
1721 1866 1798 1926 sunt,
1816 1857 1852 1914 ad
1866 1861 2021 1930 arpennim⁴
2040 1862 2192 1930 confugiant
2203 1865 2232 1931 ⁵,
2257 1878 2321 1916 neve
2336 1877 2408 1924 eum,
2430 1860 2464 1925 qri

231 1966 392 2032 contugerit,
407 1965 432 2017 ri
448 1960 634 2028 ”subtmhet”;
650 1959 697 2014 sed
713 1975 784 2035 seqre
799 1961 908 2015 sollicite
924 1964 1086 2031 precipitur,
1108 1971 1138 2017 nt
1153 1966 1192 2031 is,
1215 1968 1274 2034 ”qvi
1289 1966 1323 2020 ed
1342 1967 1476 2020 ecclesiam
1497 1965 1646 2032 coniugium
1662 1961 1771 2027 iecerit,
1784 1961 1910 2016 reddatur
1923 1965 1957 2016 ab
1972 1963 2110 2033 episcopo,
2134 1971 2161 2018 et
2177 1966 2232 2018 sine
2255 1965 2308 2018 ulls
2329 1963 2464 2031 precatione

164 2117 167 2124 ,
230 2065 324 2121 exinde
340 2075 491 2136 separetnr”
502 2069 529 2128 ⁸3
545 2073 621 2134 atqve
636 2061 693 2118 haee
708 2063 798 2116 eadem
815 2065 885 2132 leges
901 2071 953 2118 tarn
970 2067 1188 2122 Alamannos-unt
1207 2043 1513 2136 qramilajurariorurn⁰
1532 2066 1695 2135 precipiunt.

333 2197 359 2246 2.
385 2192 513 2262 Episcopi
527 2195 582 2245 rico
597 2192 639 2244 uel
653 2190 725 2257 regis
741 2189 783 2242 vel
792 2190 907 2254 justitior
923 2209 1041 2246 censores
1049 2194 1171 2260 judicum
1186 2201 1271 2246 erant.
1312 2195 1357 2246 Sic
1373 2187 1522 2247 chlotarius
1539 2191 1572 2256 ll,
1588 2205 1634 2242 rex
1644 2187 1742 2254 Gallice,
1756 2188 1853 2257 edixit,
1868 2199 1897 2244 ut
1911 2190 2043 2260 episcopi,
2058 2207 2088 2243 se
2102 2191 2222 2256 absente,
2240 2190 2352 2258 injustos
2369 2187 2465 2255 judiees

232 2295 424 2362 cutigarentie
438 2295 584 2366 Perisiense
599 2308 661 2347 sero
681 2308 754 2348 conc.
769 2309 792 2346 a.
808 2297 874 2358 ele,
889 2293 957 2360 quod
973 2296 1103 2364 episcopis
1118 2297 1224 2350 libertos
1239 2295 1415 2350 defendendos
1432 2293 1587 2360 committit,
1602 2294 1628 2345 ln
1643 2309 1667 2345 c.
1683 2298 1709 2348 e.
1726 2293 1858 2360 precipitr
1873 2292 1960 2361 ”qvod
1975 2295 1998 2348 si
2012 2295 2069 2362 qris
2082 2309 2148 2346 ausu
2163 2293 2302 2348 temerario
2318 2309 2363 2344 eos
2379 2291 2460 2358 impre-

216 2414 301 2458 ..mere
316 2400 442 2466 soluerit,
459 2403 504 2452 aut
519 2394 553 2449 sd
570 2394 700 2462 pubiicum
715 2399 756 2462 (oe
769 2394 887 2463 judicem
905 2396 1018 2465 civilem)
1034 2415 1163 2465 revocare,
1177 2406 1206 2452 et
1221 2398 1369 2452 admonitos
1381 2417 1430 2469 per
1442 2396 1593 2470 pontificem
1608 2393 1641 2450 ad
1657 2395 1814 2450 audientium
1829 2397 1916 2452 venire
1931 2398 2086 2465 neglexerit,
2099 2405 2144 2452 eut
2159 2395 2315 2462 emendare,
2331 2392 2397 2462 qrod
2413 2405 2460 2460 per·

230 2503 359 2571 potnerit,
374 2501 521 2570 distulerit,
538 2499 718 2553 communione
735 2501 876 2567 privetur··,
891 2500 998 2570 ipseqve
1014 2499 1164 2556 Chiotarius
1178 2518 1238 2568 rer,
1259 2517 1339 2570 quom
1361 2500 1432 2556 hunc
1454 2515 1578 2554 mitonem
1593 2500 1630 2554 lta
1645 2500 1767 2552 mnmritr
1791 2507 1861 2554 ”nec
1875 2499 1973 2568 absque
1995 2499 2132 2568 presentia
2147 2501 2266 2570 episcopi
2280 2505 2327 2553 snt
2343 2493 2465 2567 prepositi

232 2591 351 2658 ecciesiae
365 2621 423 2660 esse
444 2600 634 2684 judicandos’2,
646 2600 709 2653 iicet
725 2602 848 2654 comitum
860 2601 962 2669 judicio
976 2621 1021 2657 eos
1037 2605 1190 2672 subiecerit,
1207 2620 1322 2659 cessure
1338 2610 1423 2658 tarnea
1439 2603 1619 2672 cpiscoporum
1635 2603 1706 2671 ipsos
1727 2602 1836 2668 comites
1850 2601 1970 2668 subiecit.
2009 2573 2181 2670 is'ilispanid
2202 2617 2280 2670 vero,
2301 2601 2365 2656 sado
2377 2599 2463 2667 cpisoc

133 2725 141 2736 ⁸
230 2704 296 2774 palis
312 2705 449 2775 dignitatis
462 2707 622 2769 firmissime,
638 2721 710 2758 conc.
727 2703 814 2758 Tolet.
826 2697 862 2757 iv
878 2706 914 2771 (e.
929 2705 992 2774 633)
1013 2708 1159 2761 censorium
1175 2707 1200 2761 in
1214 2705 1316 2772 iudices
1333 2711 1489 2776 poteatstem
1507 2707 1608 2775 plenam
1626 2707 1758 2776 episcopis
1773 2704 1960 2759 vindicantem.
2002 2701 2218 2759 Receesvinthos
2233 2713 2339 2770 antem,
2353 2719 2397 2755 rex
2415 2699 2465 2752 iiie

231 2811 313 2875 panias
328 2827 351 2864 e.
371 2811 504 2864 649—‘12
519 2809 584 2876 scqri
598 2806 712 2876 justique
730 2786 877 2873 studiosus,
899 2825 930 2861 ne
952 2826 1079 2880 pauperes
1095 2827 1127 2863 ac
1142 2811 1228 2863 miseri
1242 2808 1360 2866 homines
1375 2811 1409 2862 ob
1425 2809 1548 2862 conitun
1564 2809 1692 2876 ignauam
1710 2807 1816 2875 injurius
1840 2813 2004 2878 peterentur,
2028 2822 2203 2876 quemcunque
2224 2808 2378 2876 episcopum
2391 2800 2464 2868 justit

232 2916 279 2973 ut,
295 2909 444 2977 ”edJnnctis
460 2913 509 2965 sibi
526 2913 583 2965 eliis
598 2913 659 2964 riris
673 2907 807 2977 honestis,
826 2910 893 2963 iuter
908 2927 953 2964 eos
969 2914 1102 2984 negotium
1119 2912 1167 2979 (or
1188 2913 1309 2980 causum)
1324 2911 1455 2968 discutere
1472 2913 1514 2965 rei
1528 2897 1666 2967 terminare
1683 2918 1856 2981 procurarem
1877 2912 1961 2980 (Leg.
1978 2905 2108 2976 visigoth.
2128 2910 2170 2964 lib.
2186 2911 2227 2978 il,
2252 2911 2295 2965 tit.
2316 2909 2343 2975 i,
2364 2901 2464 2970 xiii),

229 3009 297 3064 hene
312 3029 424 3080 poenam
441 3015 544 3080 comiti,
565 3017 607 3082 qri
625 3014 741 3083 episcopi
759 3013 886 3080 judicium
903 2989 1099 3082 consensisset,
1123 3013 1253 3070 indicens:
1278 3016 1389 3080 ”cosnes
1404 3021 1505 3068 tantum
1523 3015 1646 3084 episcopo
1659 3031 1714 3092 ¹pro
1737 3021 1889 3082 contemptu
1912 3015 1968 3068 solu
1989 3011 2051 3065 dare
2068 3019 2192 3078 cogetur,
2216 3023 2348 3082 qrentnrn,
2366 3011 2464 3078 ennean

231 3121 330 3182 penem
346 3117 430 3172 ruine
446 3119 590 3172 constiterit
607 3116 641 3173 de
655 3133 683 3172 re
699 3119 757 3183 iile,
773 3116 842 3170 unde
859 3118 928 3170 ectio
947 3129 1076 3172 commota
1093 3135 1152 3172 esse
1167 3103 1285 3172 ridetur”
1301 3117 1389 3184 (iniit
1418 3119 1457 3170 An
1472 3117 1565 3172 eodeni
1580 3133 1642 3184 rege
1657 3118 1787 3185 episcopis
1803 3123 1918 3184 potestne
1937 3117 2006 3168 lacta
2022 3123 2062 3168 cst
2078 3114 2210 3184 '’judieea,
2229 3116 2360 3186 pervasis
2371 3108 2464 3179 judiciis

229 3217 355 3285 populum
372 3221 562 3288 opprimentes,
578 3228 684 3288 paterna
699 3221 797 3288 pietate
813 3220 991 3272 commonendi
995 3258 1004 3285 ,
1019 3235 1075 3287 qvo
1090 3222 1157 3274 male
1168 3219 1287 3287 judicata
1302 3221 1400 3274 meliori
1416 3220 1528 3275 debeant
1542 3219 1673 3276 emendari
1694 3221 1848 3273 sententie&
1888 3219 1937 3272 Sin
1957 3233 2019 3270 vero
2033 3231 2122 3272 comcs
2138 3217 2215 3294 dietis
2233 3215 2352 3286 episcopi
2372 3209 2464 3265 auditi*

229 3333 287 3372 ease
304 3319 400 3386 nollet,
421 3322 563 3390 ”episcopo
579 3323 628 3390 ipsi
646 3323 744 3377 licitum
760 3323 810 3375 iult
824 3320 951 3388 judicium
970 3321 1004 3375 de
1016 3323 1135 3390 oppressi
1152 3337 1229 3378 causa
1242 3323 1396 3390 emittere'',
1413 3321 1490 3376 ruodo
1505 3330 1533 3376 et
1546 3321 1675 3381 hominem
1691 3321 1763 3375 illum
1779 3320 1970 3391 ''oppressum'’
1984 3325 2012 3373 et
2026 3335 2103 3373 snum
2117 3317 2150 3372 de
2164 3335 2244 3372 causa
2259 3321 2318 3387 ejus
2327 3313 2464 3370 sententian

224 3421 288 3485 regi
305 3423 420 3475 mitteret
435 3424 465 3482 (Ι.
485 3441 508 3476 c.
526 3423 621 3488 XXX).
658 3425 733 3479 Hanc
749 3431 847 3477 tentem
864 3426 888 3477 in
903 3425 1007 3491 jndices
1021 3427 1072 3478 rim
1091 3425 1272 3493 episcoporum
1284 3425 1338 3492 jam
1354 3427 1460 3479 tertium
1476 3441 1549 3478 conc.
1566 3423 1653 3478 Tolet.
1674 3423 1716 3490 (a.
1734 3423 1804 3490 689)
1820 3424 1973 3476 snnxireret.
2008 3420 2075 3489 Ejus
2090 3421 2159 3473 enim
2174 3436 2259 3474 canon
2274 3417 2363 3472 xviii
2376 3412 2465 3482 jndices

227 3523 304 3588 jubet
323 3525 349 3576 in
369 3522 484 3600 synodis,
501 3525 637 3589 quotannis
653 3524 796 3593 habendis,
814 3544 923 3581 unacum
941 3529 1068 3596 episcopis
1085 3531 1248 3595 comperero,
1263 3527 1319 3582 ”ut
1335 3528 1434 3582 discant
1448 3529 1496 3594 (sc.
1509 3525 1636 3594 jndices),
1652 3542 1727 3594 quem
1745 3527 1788 3594 pie
1801 3531 1828 3580 et
1841 3525 1912 3592 juste
1927 3539 1987 3578 curn
2008 3525 2110 3592 populis
2125 3539 2203 3590 egere
2221 3520 2384 3576 delresut”¹¹
2398 3551 2463 3572 .....

230 3625 381 3680 Memineris
398 3642 459 3680 reru
475 3627 668 3696 Reccnredum,
691 3631 773 3697 quiin
792 3626 843 3684 hoc
860 3627 911 3684 hoc
927 3631 984 3699 ipso
1002 3631 1113 3684 concilio
1127 3629 1161 3684 sd
1180 3628 1307 3684 catholice
1324 3648 1397 3686 sacre
1412 3631 1528 3698 transiit,
1550 3629 1577 3684 id
1593 3628 1734 3682 studiosius
1749 3629 1848 3696 egisse,
1870 3635 1913 3693 ut,
1933 3629 2044 3681 adaucte
2061 3625 2245 3692 episcoporum
2267 3631 2410 3693 potestate,
2424 3621 2463 3668 riu

230 3736 366 3796 potentum
383 3731 541 3798 infringeret.
578 3731 627 3784 ilie
643 3733 724 3800 igitur
739 3740 939 3786 consentaneum
956 3741 1010 3802 est,
1034 3733 1188 3802 ”principes
1203 3745 1309 3806 stepe”,
1334 3743 1364 3789 nt
1379 3731 1459 3788 habet
1473 3750 1545 3788 cone.
1566 3733 1625 3786 Tol.
1641 3731 1687 3800 lV,
1702 3750 1725 3786 c.
1741 3735 1788 3798 31,
1810 3717 1925 3784 ”contra
1940 3729 2067 3800 qroslibet
2083 3727 2228 3792 majestatis
2245 3730 2374 3782 obnoxios
2395 3737 2464 3776 sewi·

230 3831 335 3888 dotilrus
354 3835 460 3903 negotia
479 3851 527 3888 sue
547 3835 741 3902 commisisee'’,·
755 3835 801 3890 scd
821 3836 857 3888 iu
874 3843 974 3898 temen,
993 3843 1022 3890 ut
1037 3837 1068 3889 iis
1084 3853 1135 3890 uon
1152 3839 1240 3892 liceret
1256 3838 1349 3905 capitis
1363 3839 1472 3906 sliqrem
1491 3833 1612 3890 damnare
1629 3834 1724 3902 (ibid).

337 3963 363 4011 ³.
389 3959 473 4014 Quam
491 3961 578 4013 clerici
598 3961 738 4026 antiquitus
757 3969 942 4026 exercuerant,
967 3960 1093 4014 inicorum
1116 3970 1226 4030 peccato
1245 3963 1422 4033 cognoscendi
1444 3963 1614 4030 prouinciam,
1637 3957 1704 4012 lianc
1724 3961 1839 4012 barlssrre
1859 3966 1951 4024 gentes
1971 3959 2089 4011 victrices
2105 3959 2236 4012 'intactam
2258 3959 2291 4010 iis
2311 3953 2460 4020 reliquerunt·

227 4061 333 4114 Scilicet
349 4053 392 4116 his
408 4071 513 4130 peccata
533 4063 689 4129 istiusmodi,
709 4079 815 4130 quorum
832 4079 865 4116 eu
886 4061 1033 4131 christiana,
1049 4071 1078 4117 ut
1096 4065 1234 4130 serebatur,
1252 4065 1375 4133 religione
1393 4079 1501 4135 poenam
1521 4063 1591 4116 luere
1605 4060 1741 4128 debebant,
1760 4078 1824 4116 nora
1844 4068 1917 4114 erent
1934 4067 1961 4114 et
1979 4065 2054 4115 entes
2072 4057 2195 4112 inaudita.
2210 4087 2215 4100 ι
2233 4061 2332 4130 licqris
2350 4053 2461 4113 enimse!

228 4165 347 4232 princeps
363 4165 402 4218 vel
415 4163 497 4228 iudex
514 4167 626 4219 civitatis
642 4169 667 4218 in
686 4167 799 4220 animum
817 4165 937 4219 indiscere
957 4169 1057 4235 potuit,
1083 4175 1112 4221 ut
1130 4176 1261 4233 censeret,
1288 4169 1336 4220 sibi
1356 4167 1536 4220 riudicundum
1557 4182 1614 4218 esse
1629 4165 1673 4233 jue
1690 4165 1728 4218 rei
1751 4165 1887 4217 ioerceium
1903 4171 2020 4222 naturam
2043 4163 2082 4216 rei
2103 4164 2189 4216 coiisse
2204 4165 2253 4218 Del
2273 4165 2462 4224 Sanctorumqlt

229 4267 370 4330 rationem,
395 4269 434 4320 rei
450 4271 555 4336 gradus
576 4269 739 4322 matrimonii
755 4269 904 4338 prohibitos
927 4269 1087 4324 definiendi?
1122 4271 1186 4324 tis-n
1209 4272 1294 4324 ouinin
1322 4273 1404 4338 qraiie
1426 4287 1442 4322 a
1466 4269 1565 4322 clericis
1586 4268 1769 4332 trudebantur,
1794 4268 1885 4319 retinui
1911 4267 2048 4320 maximnm
2076 4275 2175 4336 partem
2199 4265 2272 4321 haud
2300 4273 2461 4320 corrsensanen

231 4372 347 4440 populus
365 4388 427 4452 esna
445 4378 531 4424 mente
549 4386 600 4423 non
619 4372 705 4438 potuit
720 4369 815 4424 habere
835 4381 949 4447 peccem.
993 4371 1105 4430 Adhuc
1127 4381 1213 4428 autem
1231 4375 1281 4427 trin
1300 4389 1395 4440 genere
1413 4387 1564 4434 censurium,
1582 4387 1688 4439 qrarum
1706 4386 1813 4428 censura
1833 4387 1910 4438 penes
1924 4369 2060 4438 episcopos
2075 4377 2145 4435 erst,
2165 4379 2287 4440 qrertum
2303 4369 2353 4424 hoc
2369 4363 2460 4420 tertull

229 4473 308 4542 idque
324 4475 504 4540 gravissimum
519 4475 563 4540 jus
581 4482 736 4527 testamento
755 4473 936 4526 defunctorum
953 4473 1086 4529 hominum
1105 4477 1268 4544 procurandi.
1309 4475 1385 4529 (lrod
1408 4477 1438 4526 iis
1459 4490 1611 4527 eoncessum
1630 4475 1723 4539 tuisse,
1753 4489 1842 4541 nemo,
1872 4475 1920 4526 nisi
1939 4471 2032 4527 horum
2051 4479 2197 4540 temporum
2217 4475 2341 4541 ignarus,
2367 4470 2460 4524 multu'u

227 4579 371 4634 mimbitnr.
419 4577 512 4630 Franci
529 4578 613 4636 enirn,
641 4577 813 4630 llomsunrum
834 4577 934 4644 legum,
962 4573 1053 4644 quibus
1075 4587 1103 4632 ut
1124 4580 1190 4632 Gelil
1210 4586 1358 4634 tenerentur
1379 4579 1561 4645 permiserant,
1591 4577 1701 4644 imperiti
1730 4578 1752 4629 u
1782 4577 1854 4630 iuitio
1880 4577 1997 4642 luerunt,
2026 4573 2177 4643 &posthoc
2205 4579 2242 4629 uis
2266 4577 2392 4630 inscitiam
2411 4569 2461 4622 nris

228 4681 330 4750 legendi
348 4687 504 4735 monuerunt.
576 4719 583 4730 .

137 4757 143 4768 1
338 4781 466 4851 Exemplo
483 4779 561 4848 hujus
578 4783 765 4848 iurisdictionis
784 4785 864 4836 multe
883 4787 907 4836 in
927 4787 1027 4851 iegibus
1046 4795 1193 4839 occurrunt.
1235 4785 1279 4836 Sic
1300 4785 1411 4852 primurn
1432 4785 1534 4852 cleriei,
1558 4783 1590 4836 de
1611 4767 1672 4838 fidei
1691 4783 1803 4851 puritate
1821 4783 1939 4848 solliciti,
1966 4781 2094 4848 reliquias,
2118 4795 2175 4848 qrse
2193 4789 2379 4850 superessent,
2402 4775 2460 4829 indo·

159 4929 162 4934 ,
228 4889 322 4953 istrie,
341 4887 432 4940 toliere
450 4887 626 4952 cenaticum,
645 4901 719 4952 qvam
739 4887 772 4939 ob
788 4903 891 4940 censam
909 4887 1071 4941 ”simulacra
1088 4887 1292 4940 constructore!
1312 4889 1378 4940 idola
1397 4889 1508 4940 daemoni
1526 4887 1669 4942 dedicate''
1686 4887 1810 4940 removeri
1827 4885 2005 4952 jusserunt¹¹,
2025 4899 2163 4952 omnesque
2186 4885 2322 4939 ''cultores
2340 4883 2459 4936 idolorum.

227 4995 390 5043 seruatores
412 4988 542 5060 lepidum,
566 5006 719 5045 accensores
741 4989 881 5042 iaculerum
909 4999 935 5043 et
954 4992 1103 5044 excolentes
1124 5007 1195 5043 sacre
1213 4991 1322 5043 sentirem
1341 4991 1380 5041 rei
1398 4989 1580 5044 nrisorum''¹⁸
1604 4991 1729 5056 grauiter,
1758 4996 1786 5042 ut
1805 4989 1866 5040 telin
1884 4988 1962 5039 misse
1978 4987 2105 5052 iacerent,
2133 4987 2333 5043 admonuerunt.
2377 4983 2460 5038 iieirrdc

228 5094 298 5160 leges
316 5101 369 5147 tam
387 5095 589 5162 Fresonum¹⁴,
607 5109 682 5162 qvam
700 5092 894 5159 Bajurariorum
906 5097 952 5160 ¹⁵,
980 5095 1177 5146 Alamannorum
1188 5095 1216 5128 ¹⁶
1238 5095 1453 5160 conciliorumque
1475 5095 1600 5145 Geiiiee¹¹
1621 5091 1768 5146 hominibus
1789 5089 1934 5144 christianis
1956 5091 2026 5143 omni
2045 5091 2070 5142 in
2089 5091 2131 5146 die
2147 5093 2279 5146 dominico
2299 5083 2458 5159 ''corporali''

225 5205 273 5260 ant
290 5196 393 5252 ''sereili
412 5198 508 5270 opere''
527 5197 561 5264 (or
583 5197 696 5264 labore),
716 5197 789 5264 qule
806 5181 861 5250 eret
882 5197 988 5266 '’erere,
1006 5213 1103 5262 secere,
1123 5212 1219 5248 messes
1237 5205 1350 5262 metere,
1366 5207 1470 5251 exertos
1489 5199 1600 5262 secere'’,
1619 5199 1658 5250 vel
1680 5197 1785 5264 ”sepem
1807 5193 1937 5262 claudere,
1955 5195 2059 5248 ioeuum
2078 5212 2181 5262 secere,
2203 5198 2255 5250 iter
2273 5195 2374 5250 saeere''
2392 5205 2457 5256 nteit

214 5278 278 5357 snon
297 5293 399 5367 ”jnrgls
418 5317 554 5356 munerum
571 5300 692 5356 movere”
710 5301 802 5355 iterum
822 5301 965 5370 iterumqre
986 5299 1183 5356 interdixerunt.
1220 5298 1309 5354 liridi
1336 5300 1404 5368 qrod
1423 5303 1581 5354 Guntremus
1605 5317 1649 5356 rex
1669 5301 1732 5368 ipsis
1752 5301 1931 5353 sacerdotibus
1948 5305 2067 5352 sunctum
2090 5299 2204 5352 cilicium
2219 5301 2349 5368 imposuit
2375 5299 2457 5349 ''ence

227 5402 320 5457 dentes
336 5403 368 5458 ed
385 5405 452 5458 viam
470 5406 533 5458 recti
555 5407 653 5459 itineris
672 5402 831 5456 cor-rectione
845 5403 979 5472 postorali
995 5421 1016 5456 s.
1038 5404 1174 5458 severitate
1194 5403 1317 5456 csnouice
1337 5403 1501 5457 eddncendi”
1517 5404 1579 5469 (vid.
1593 5402 1922 5472 praeceptioGnntramia.
1937 5397 2017 5468 685),
2035 5417 2065 5455 ae
2087 5401 2163 5454 simili
2183 5403 2286 5457 rstione
2305 5417 2375 5458 conc
2385 5398 2456 5452 Toltl·

217 5505 292 5578 >ivl
306 5507 416 5574 (nese)
438 5526 461 5562 c.
472 5509 510 5561 lli
525 5506 692 5578 reprehendit
713 5507 876 5573 secerdotes,
897 5509 938 5574 qvi
959 5491 1221 5575 ’'penesimmundqs
1239 5521 1287 5560 nee
1305 5506 1393 5559 studio
1414 5513 1580 5574 praeperetos,
1596 5513 1642 5558 sut
1659 5505 1803 5558 crustulum
1822 5519 1870 5570 pro
1892 5521 1957 5574 pene
1975 5503 2073 5572 nitido,
2091 5505 2178 5558 studio
2196 5514 2344 5576 praeparato
2363 5513 2386 5556 et
2404 5505 2456 5552 inte·

228 5626 290 5678 gro,
307 5580 354 5664 sut
374 5611 472 5678 grande
489 5612 584 5681 aliquid
603 5627 649 5681 pro
668 5611 770 5666 modice
787 5609 892 5663 otietu'
908 5611 934 5662 in
952 5625 1024 5662 secrs
1043 5625 1122 5664 coeno
1140 5610 1297 5673 otierebaut;
1315 5617 1400 5664 totum
1421 5608 1529 5676 deniqne
1548 5608 1682 5662 concilium
1694 5607 1850 5662 ilrecareuse
1866 5607 1901 5660 lli
1919 5609 1954 5684 (e
1965 5607 2028 5676 616)
2048 5609 2072 5662 in
2091 5607 2220 5676 ejusmodi
2240 5610 2341 5675 iegibus
2360 5599 2455 5660 tetendit

226 5721 356 5769 vernetum
378 5717 467 5769 eat¹⁸.
516 5713 582 5769 l'irrn
600 5715 723 5782 ”nuptias
738 5714 839 5768 illicitus
861 5730 882 5766 a.
899 5713 1029 5768 incestss’'
1047 5729 1104 5766 ease
1123 5714 1328 5778 constituerunt,
1353 5713 1373 5765 si
1394 5713 1450 5779 qvis
1467 5711 1573 5765 ’'irstria
1592 5713 1631 5786 eui
1653 5726 1775 5776 uxorem,
1797 5713 1836 5764 rel
1854 5713 1944 5764 uxoris
1964 5727 2018 5764 suae
2036 5725 2166 5776 sororem,
2191 5713 2232 5764 rei
2257 5725 2362 5764 uxorem
2383 5699 2454 5774 patrii

221 5817 267 5892 pul
286 5823 332 5870 eut
347 5817 528 5882 consengrinei
545 5816 629 5883 snl¹·,
646 5817 685 5870 rei
703 5818 840 5888 ''aomum
861 5831 969 5880 nurum,
990 5817 1147 5883 privignem,
1163 5829 1314 5878 novercam,
1332 5815 1459 5880 niianqrc
1477 5815 1582 5878 irntris,
1601 5815 1679 5868 iliism
1701 5813 1823 5869 sororis'’
1834 5816 1865 5850 ’θ
1885 5814 2121 5887 ἰημιιῑήιιιοῐιὶιιω
2138 5813 2273 5876 duxissete
2295 5813 2333 5865 rei
2352 5813 2372 5864 si
2390 5803 2446 5858 ”filii
