4986 6384
375 416 413 484 Si
429 423 579 505 »pactum
602 414 690 484 illud
712 413 881 482 Ludovici
905 414 974 500 Pii,
1001 437 1044 482 ex
1071 437 1138 504 qvo
1164 414 1349 482 Lotharius
1376 413 1464 504 Imp.
1495 433 1691 503 supremam
1722 412 1757 478 ιιι
1791 419 1866 480 ιοιο
1894 411 2039 503 imperio
2066 412 2233 482 Francico
2259 426 2445 504 potestatem

227 561 400 620 exerceret
423 549 511 640 (uid.
538 569 573 638 p.
596 548 681 638 79),
704 570 768 640 per
793 547 866 616 lucc
891 569 999 616 evum
1025 557 1195 616 seruatum
1222 545 1359 631 fuisset,
1384 567 1552 635 magnum
1577 547 1694 636 utique
1726 545 1974 614 incrementum
1999 548 2183 616 auctoritas
2206 549 2350 616 Romani
2373 555 2448 623 anti-

199 685 313 753 'stitis
339 685 503 776 cepisset,
530 691 649 774 'quum
675 652 870 772 probabile?
886 682 950 767 sit,
989 681 1174 770 episcopos
1201 677 1327 747 Gallim
1353 688 1388 745 et
1413 677 1609 746 Germaniae
1630 679 1707 770 pari
1731 679 1908 748 uoluntate
1934 679 2025 748 sedis
2051 681 2300 770 imperatoriasl
2328 684 2451 754 autistiti

225 819 450 888 obsecuturos
477 816 600 900 luisse,
627 838 694 906 quo
716 815 874 885 uiderent
894 815 1069 906 principes
1096 834 1175 880 suos
1199 813 1414 902 imperatoris
1439 811 1609 879 mandatis
1636 835 1767 904 parere.
1805 813 1995 900 damasso
2019 813 2137 882 ciuiles
2162 813 2296 904 imperii
2311 815 2453 888 Francici

224 954 373 1022 rationes
400 953 507 1042 longe
533 951 610 1020 alise
636 963 747 1036 erant,
770 959 831 1018 net.
855 949 941 1016 tales
967 947 1129 1037 quidem,
1166 957 1206 1015 ut
1239 945 1390 1037 dignitas
1412 947 1574 1014 Letharii·
1599 947 1688 1016 nihil
1714 923 1891 1022 commodi
1924 947 2091 1016 muana
2121 948 2322 1020 hierarchia
2349 972 2453 1039 parare

1304 1249 1308 1257 ,
1384 1193 1420 1254 ιι.
1464 1196 1727 1258 Antistites'
1755 1193 1940 1258 Romani
1972 1195 2319 1273 ecclesiasticae
2348 1197 2457 1262 sedis

310 1392 334 1440 1.
356 1386 499 1460 Pontifices
517 1384 628 1437 Romani
646 1383 671 1438 in
689 1385 807 1453 epistolis
825 1383 858 1437 ad
875 1382 1087 1436 Franco-Gallos
1102 1381 1170 1435 datis
1185 1381 1384 1436 insolentissime
1404 1388 1431 1434 at
1449 1381 1526 1434 simul
1544 1381 1692 1436 cautissime
1712 1384 1832 1450 agebant.
1862 1381 1900 1435 Ut
1920 1382 1988 1435 euim
2007 1381 2119 1452 Sergius
2137 1380 2170 1433 ιι
2187 1385 2331 1452 comperit,
2350 1365 2457 1438 huam-

225 1479 300 1548 pinos
316 1467 454 1546 episcopbs
470 1482 529 1544 pust
549 1492 654 1544 pacem,
670 1479 737 1530 iuter
754 1485 808 1530 tres
828 1477 922 1529 iratres
940 1491 962 1526 a.
979 1477 1031 1527 843
1049 1475 1153 1537 initam,
1174 1490 1300 1526 summam
1320 1472 1380 1525 dare
1397 1489 1518 1541 operam,
1534 1481 1564 1526 ut
1579 1473 1781 1527 ecclesiasticam
1798 1471 1959 1542 disciplinam
1976 1479 2002 1526 et
2015 1475 2145 1541 antiquam
2160 1476 2228 1528 sacri
2243 1472 2457 1529 ordinishonorem

226 1571 407 1634 restituerent,
434 1567 503 1620 illico
521 1567 554 1621 ad
572 1585 617 1621 eos
634 1568 769 1635 epistolum
788 1569 893 1636 scripsit
902 1569 924 1633 ⁸,
952 1566 977 1618 iu
996 1581 1045 1631 qua
1067 1564 1172 1617 dilticile
1192 1563 1264 1617 dictu
1284 1573 1340 1632 est,
1367 1572 1453 1616 utrum
1472 1564 1606 1618 audaciam
1628 1582 1660 1618 an
1676 1564 1843 1618 calliditatem
1860 1566 1907 1618 riri
1925 1569 2009 1632 magis
2027 1568 2158 1618 miremur.
2196 1545 2288 1624 tiniam
2308 1569 2458 1632 enimscirst,

225 1677 272 1716 eos
288 1661 450 1714 secularium
468 1665 544 1727 atque
561 1661 677 1728 ipsorum
696 1661 841 1728 principum
860 1657 967 1724 injurias
984 1656 1166 1709 molestissime
1182 1657 1264 1722 terre,
1279 1652 1336 1708 hec
1353 1657 1482 1709 scribens:
1514 1657 1599 1724 ”qued
1618 1659 1639 1710 si
1655 1658 1803 1712 uiolentiam
1821 1657 1870 1709 sibl
1890 1659 2048 1724 areligioais
2063 1657 2121 1710 liliis
2136 1660 2236 1711 ιιοιιιιιιι
2250 1661 2355 1725 regibus
2372 1659 2458 1727 quilibet

225 1753 419 1820 cpiscoporum,
438 1766 488 1818 quo
500 1753 586 1804 minus
604 1757 846 1818 canonumstatata
861 1747 1002 1816 custodiat,
1017 1749 1133 1816 queritur
1151 1749 1304 1814 irrogatam,
1322 1764 1370 1799 nus
1385 1749 1434 1800 lace
1449 1749 1596 1818 suffugium
1612 1754 1740 1801 annuente
1755 1748 1882 1816 Domino,
1901 1749 1996 1802 titteris
2014 1750 2050 1802 cd
2065 1766 2109 1802 ees
2126 1750 2224 1820 scissis,
2240 1750 2368 1804 credimus
2382 1769 2456 1820 asapia

225 1845 354 1900 tandum''
363 1846 388 1910 ⁴,
411 1858 516 1910 sperare
533 1843 633 1908 potnit,
649 1842 778 1894 neminem
793 1839 844 1895 hoc
863 1857 933 1908 aegre
954 1840 1065 1892 laturum
1084 1857 1156 1907 esse,
1171 1839 1218 1893 sed
1233 1838 1450 1906 iucundissimum
1468 1841 1499 1892 iis
1518 1847 1597 1892 tantm
1608 1840 1742 1907 dignitatis
1758 1841 1929 1894 interventum
1949 1842 2030 1894 uisum
2046 1841 2086 1894 iri.
2122 1841 2178 1894 Sed
2197 1838 2250 1894 hoc
2269 1842 2347 1894 latius
2363 1845 2457 1910 patebat.

223 1937 275 1994 orl
290 1937 359 1990 enim
378 1935 463 2002 potuit
481 1932 605 2000 ²²quilibet
624 1935 824 2001 episcoporum
843 1931 875 1985 de
894 1933 1013 1984 uiolentia
1031 1932 1177 2001 principum
1193 1947 1280 1983 coram
1297 1931 1415 2003 ιιιιιιιιιιιο
1434 1931 1544 1998 presule
1561 1932 1646 1998 queri,
1665 1931 1714 1983 nisi
1731 1948 1833 1984 summa
1847 1939 1917 1985 esset
1933 1931 1965 1984 ad
1984 1933 2054 1984 lluac
2069 1933 2155 1985 sedem
2172 1934 2340 2002 provocandi
2353 1933 2458 1986 libertas'l

224 2027 278 2082 Sed
295 2043 374 2096 quum
393 2025 533 2078 uerendum
548 2031 633 2092 esset,
647 2031 678 2076 ut
696 2023 761 2076 tanti
778 2024 876 2076 itineris
893 2024 993 2077 labores
1011 2024 1086 2076 multi
1104 2029 1150 2076 aut
1168 2039 1216 2075 sua
1232 2030 1326 2090 sponte
1345 2023 1478 2090 suscipere
1495 2022 1605 2088 uellent,
1622 2027 1669 2074 aut
1686 2022 1834 2092 suscipere,
1853 2021 2051 2092 prohibentibus
2069 2025 2250 2091 principibus,
2278 2031 2393 2092 possent,
2414 2025 2460 2076 Ser

223 2119 283 2188 glus
297 2120 464 2184 Diogenem,
492 2113 608 2184 archiep.
628 2115 758 2182 bislane,
784 2117 885 2168 cunctis
905 2117 1043 2184 prouinciis
1062 2113 1269 2184 Trans-Alpinis
1287 2112 1357 2166 sedis
1375 2114 1566 2166 saevientium
1585 2113 1710 2181 prefecit.
1747 2112 1984 2182 emicaturus,
2011 2117 2080 2168 tilios
2098 2115 2187 2170 Caroli
2206 2116 2315 2184 Magni,
2340 2115 2460 2168 auunculus

224 2209 303 2263 ιιιιιιιι
321 2209 474 2277 Principum
494 2215 578 2270 esset,
607 2205 812 2275 exspectandam
830 2214 899 2274 erat,
928 2205 1063 2276 ipsos'hca
1081 2206 1138 2272 ejus
1153 2204 1281 2260 mandatis
1301 2221 1399 2260 morem
1419 2221 1542 2270 emensos
1560 2221 1626 2258 esse.
1666 2205 1723 2260 Qua
1741 2207 2039 2274 spatiamentum,
2068 2214 2097 2259 ιιι
2114 2208 2138 2259 ei
2155 2207 2314 2274 obedirent,
2333 2209 2462 2276 precipiat,

225 2301 299 2369 eique
319 2301 363 2351 ”in
379 2298 550 2366 congreandis
571 2299 735 2365 generalibus
748 2298 862 2364 ,synodis
881 2299 908 2351 in
926 2299 1046 2372 omnibus
1065 2297 1138 2365 [illia]
1158 2299 1295 2366 prouinciis
1315 2313 1389 2350 snam
1408 2295 1773 2364 commodatapctoritatcm²².
1810 2296 1874 2350 Vult
1894 2299 1986 2365 etiam,
2013 2302 2043 2349 ιιι
2061 2299 2227 2366 ”cuicunque
2243 2301 2277 2351 ab
2294 2300 2346 2352 illis
2363 2300 2460 2366 partibus

223 2391 291 2447 hanc
311 2399 427 2446 sanctam
447 2389 490 2455 (as
511 2389 667 2456 Romanam)
683 2389 772 2442 sedem
788 2391 917 2459 appellare
933 2406 999 2458 opus
1016 2391 1122 2453 luerit²²‚
1138 2388 1181 2443 hic
1198 2390 1270 2457 prius
1289 2388 1338 2442 ”ad
1355 2389 1412 2455 ejus
1432 2387 1588 2442 audientiam
1607 2405 1636 2440 se
1652 2389 1817 2456 submittat”,
1835 2395 1862 2442 et
1879 2389 1990 2442 ²²litteris
2009 2389 2066 2455 ejus
2080 2389 2286 2442 commendatus
2299 2389 2334 2442 ad
2342 2389 2460 2442 beatissimi

223 2483 295 2537 Petri
312 2481 401 2537 ιιιιιιιι
418 2495 527 2536 securas
541 2480 665 2548 accedat,
692 2482 811 2548 nullaque
826 2497 886 2536 enm
904 2481 1073 2536 in'ueniendo
1091 2498 1164 2534 mora
1180 2481 1347 2549 prepediant
1384 2477 1499 2548 Namque
1514 2481 1557 2532 uix
1575 2479 1649 2532 aliter
1666 2481 1720 2532 fieri
1739 2482 1841 2549 potuit,
1866 2498 1940 2548 quam
1959 2489 1989 2534 nt
2009 2481 2068 2534 talis
2092 2480 2240 2551 appellatio
2264 2481 2390 2549 episcopis
2404 2495 2460 2531 cem-

223 2573 373 2630 mcdissima
389 2572 537 2635 uideretur3
553 2574 666 2626 maxime
680 2589 760 2639 quum
777 2571 844 2626 hanc
861 2575 894 2626 iis
911 2589 1011 2641 quoque
1029 2581 1118 2642 patere
1132 2574 1224 2640 uellet,
1245 2574 1287 2640 qui
1305 2571 1474 2624 '²criulinibus
1491 2571 1704 2639 impeterentur&
1739 2572 1793 2642 ipsi
1808 2581 1895 2627 autem
1910 2574 2026 2642 Dragani
2045 2577 2117 2630 tanta
2128 2573 2281 2626 auctoritas
2295 2571 2462 2638 iucundissima

223 2664 355 2719 videretur
375 2680 481 2718 necesse
497 2671 562 2716 erat.
602 2663 687 2718 Quam
708 2666 820 2732 angendi
840 2666 927 2732 gratia
942 2667 1013 2719 idam
1027 2666 1136 2732 Sergius
1154 2666 1190 2719 ita
1208 2666 1309 2736 pergit:
1336 2662 1473 2732 ²²quicquid
1489 2663 1757 2731 prouinciali‘synodc
1771 2665 1852 2720 luerit
1866 2665 2017 2733 delinitam,
2046 2663 2081 2720 ad
2097 2663 2157 2731 ejus
2176 2666 2279 2734 absque
2296 2663 2461 2717 dilationsste

223 2759 322 2811 tuimus
338 2757 457 2808 notitiam
478 2753 701 2823 perducendum,
720 2764 821 2811 et....
836 2760 915 2810 etiam
936 2757 1057 2812 condicto
1075 2756 1147 2813 tratri
1165 2763 1253 2828 nestro
1274 2757 1390 2823 Drogcai
1415 2752 1611 2823 archiepiscopo
1636 2757 1662 2809 ln
1686 2757 1864 2811 examinandis
1886 2775 1918 2812 sc
1937 2737 2112 2829 perquirendis
2131 2757 2272 2826 episcopis
2293 2753 2324 2810 et
2338 2755 2462 2814 abbatibus,

224 2850 272 2901 sub
290 2845 342 2914 hqc
360 2853 450 2899 tencre
468 2843 535 2898 hanc
553 2855 668 2902 nestram
690 2848 819 2901 licentiam
838 2855 865 2901 et
888 2849 1069 2901 auctoritatem
1091 2849 1292 2902 concessimus²².
1332 2848 1374 2901 Ne
1398 2855 1485 2900 autem
1506 2846 1595 2913 Droga
1614 2847 1716 2914 ipsese
1734 2849 1898 2917 transalpinis
1922 2850 2059 2918 prouinciis
2083 2846 2267 2917 patriarcham
2283 2846 2400 2913 suijuris
2414 2859 2462 2914 pte

224 2939 329 3004 liceret,
347 2937 497 3004 subjungit:
513 2938 600 2991 ’‘saluc
618 2939 644 2991 in
663 2941 783 2993 omnibus
798 2938 876 3006 hujus
896 2942 1045 2996 uniuersalis
1060 2941 1186 2994 Romame
1202 2939 1272 2993 sedis
1293 2942 1419 3006 primatu,
1437 2938 1568 3006 nostrique
1586 2939 1740 3006 presulatus
1760 2938 1887 2994 honoret

339 3063 495 3118 Verumhis
515 3067 752 3134 omnibusSergius
769 3081 844 3134 reges
860 3084 891 3120 ea
908 3067 1065 3121 anctoritate
1082 3069 1181 3136 privare
1198 3063 1302 3133 studet,
1323 3066 1373 3132 qui
1392 3066 1535 3133 permulta
1552 3062 1686 3118 hominnm
1704 3067 1791 3120 secula
1808 3069 1849 3121 uel
1867 3066 1982 3134 synodos
1997 3075 2190 3136 convocarant,
2207 3067 2251 3122 uel
2270 3066 2378 3122 decreta
2392 3061 2464 3118 tuan

224 3159 419 3224 confirmarunt,
443 3157 483 3210 uel
500 3159 638 3228 episcopus
653 3165 681 3211 et
698 3159 806 3210 abbates
826 3159 876 3226 ipsl
895 3158 1073 3229 nominarant,
1088 3160 1127 3213 uel
1150 3158 1260 3226 denique
1274 3157 1420 3226 episcopas,
1439 3162 1469 3208 ιιι
1486 3155 1520 3208 ad
1541 3171 1631 3223 sunm,
1657 3169 1807 3226 supremum
1822 3159 1850 3211 in
1868 3161 2094 3226 tegumentum!
2111 3159 2282 3229 provocandi
2302 3175 2380 3214 cause
2395 3157 2465 3210 conla-

222 3257 329 3318 gesem,
344 3248 491 3317 ιἰιιιιιιιιιι
510 3253 599 3319 paucis
613 3249 711 3315 ueritis:¹
726 3250 912 3317 autumabam,
933 3257 960 3304 et
978 3267 1035 3304 eam
1053 3251 1173 3320 quidem,
1191 3265 1267 3316 quam
1284 3248 1427 3303 decretales
1444 3246 1666 3302 Pseudo·laldorl
1684 3247 1849 3316 describunt,
1867 3249 1925 3304 sedi
1945 3265 2000 3304 aue
2014 3249 2138 3305 vindicat.

330 3379 357 3428 2.
393 3375 463 3428 Hine
477 3375 560 3442 igitur
576 3377 644 3429 ultro
659 3391 689 3430 se
705 3375 784 3428 oll'srt
802 3375 930 3443 suspicio,
945 3391 1030 3429 annon
1048 3375 1157 3442 Sergius
1173 3372 1220 3428 has
1230 3377 1305 3444 ipsas
1322 3374 1465 3427 decretales
1482 3375 1647 3442 cognoverim
1663 3372 1732 3440 quod
1753 3371 2009 3429 uideb'historiaram
2028 3379 2174 3444 scriptores
2191 3379 2347 3448 negavisse,
2364 3371 2466 3442 siquidem

223 3483 306 3536 ιιοιιιο
324 3467 407 3519 Leoni
424 3466 559 3534 uvisque
576 3474 675 3520 antea.
692 3467 1024 3534 ambiculaotcuqatte
1041 3475 1136 3520 essent.
1179 3465 1256 3520 Quod
1274 3466 1308 3518 ad
1324 3466 1396 3518 illurn
1417 3466 1510 3519 attinet
1527 3467 1553 3518 in
1572 3465 1683 3534 epistola
1704 3464 1739 3517 ad
1762 3465 1901 3534 episcopos
1916 3467 2057 3522 Eritanniae
2075 3469 2135 3535 (ap.
2157 3470 2249 3524 Hasd.
2275 3471 2296 3524 l.
2318 3487 2358 3536 c.,
2378 3462 2476 3526 tumst„

106 3584 112 3592 ·
226 3579 251 3628 p.
270 3558 363 3624 ἰι-ι)
379 3553 436 3610 haec
452 3555 530 3610 dicits
546 3557 597 3610 ”de
614 3558 706 3611 libellis
724 3563 752 3610 st
770 3559 961 3611 commentariis
976 3559 1086 3611 aliorum
1102 3573 1153 3610 non
1170 3558 1290 3609 conuenit
1305 3556 1413 3625 aliquem
1429 3557 1559 3624 judicare,
1577 3565 1603 3611 et
1617 3563 1765 3610 sanctorum
1781 3557 1948 3611 conciliorum
1965 3560 2258 3630 canonearelinquere²²
2272 3562 2313 3622 uel
2324 3557 2467 3614 decretalium

223 3651 341 3716 regulas,
360 3647 387 3701 id
403 3655 457 3715 est,
473 3666 528 3717 qum
545 3649 676 3701 habeatur
690 3649 764 3716 apud
779 3665 827 3700 aas
842 3649 920 3702 simasl
938 3665 996 3700 cum
1014 3649 1068 3700 illia
1087 3649 1116 3699 ia
1133 3665 1248 3714 ennena,
1265 3649 1399 3714 atquibus
1415 3649 1441 3701 in
1457 3651 1577 3701 omnibus
1593 3649 1774 3702 ecclesiasticis
1794 3651 1893 3708 utimur
1903 3649 2025 3718 judiciis,
2047 3651 2073 3704 id
2092 3658 2149 3718 est,
2168 3655 2381 3721 Apostolorum,
2404 3650 2468 3704 tuce

222 3757 331 3806 norum,
348 3739 557 3807 Ancyranoram,
572 3738 836 3808 Neocaesariensium,
850 3739 1054 3806 Gangrensium,
1071 3736 1301 3805 Antiochensium,
1322 3737 1535 3808 Laodicensium,
1554 3737 1837 3808 chalcedonensiumt,
1855 3740 2062 3806 Sardiceusium,
2088 3742 2368 3812 Chartaginsnsium,
2391 3742 2468 3796 Africa·

222 3835 354 3888 nensiuma
370 3841 398 3886 et
416 3847 475 3884 cum
493 3831 543 3883 illis
561 3831 658 3897 regule
674 3832 814 3898 presulum
829 3831 1007 3884 Romauomm
1025 3829 1155 3896 siluestri,
1174 3830 1275 3896 Siricli,
1290 3829 1447 3899 innocentii,
1464 3829 1583 3896 Zosimi,
1600 3833 1756 3901 Coelaatini,
1770 3826 1884 3900 Laome,
1899 3833 2010 3901 Gelesii,
2027 3833 2136 3901 Hilarii,
2158 3835 2341 3905 Symmachi,
2357 3832 2469 3906 Simplicii

224 3924 274 3978 lati
291 3925 395 3978 amatas
408 3929 484 3989 ιιιιιι,
501 3939 547 3990 pes
565 3938 629 3990 quos
641 3921 761 3989 judicant
780 3923 896 3990 episcopi
914 3927 942 3975 et
961 3937 1007 3988 per
1024 3936 1088 3988 quos
1110 3921 1226 3990 episcopi
1249 3923 1368 3975 simulet
1389 3923 1474 3975 clerici
1495 3922 1673 3989 indicantum.
1715 3922 1816 3979 Quibus
1831 3925 1912 3990 igitur
1925 3927 2011 3979 uerbis
2028 3926 2083 3980 laco
2098 3927 2136 3980 tv
2158 3931 2253 3996 palam
2277 3932 2396 3998 negauit,
2415 3927 2476 3988 alite*

223 4025 317 4084 preter
334 4017 438 4080 allatas,
466 4012 608 4066 decretales
625 4013 714 4084 ”apud
734 4023 779 4067 sc²²
797 4030 827 4068 ns
844 4015 870 4066 iu
888 4010 999 4067 archivis
1015 4012 1141 4070 Ramanis
1162 4030 1184 4066 s.
1205 4013 1232 4066 in
1256 4029 1354 4086 canone
1369 4012 1487 4066 Romano
1510 4016 1644 4070 contineri.
1693 4016 1783 4084 ltaque
1800 4013 1843 4067 hic
1858 4016 2196 4074 Pseudo-isidorianorum
2218 4022 2393 4078 decretalium
2414 4020 2471 4090 plaut

223 4108 319 4159 inscius
335 4112 400 4159 crat.
433 4105 547 4172 Dignum
565 4121 665 4173 quoque
681 4112 734 4172 cst,
752 4103 820 4173 quod
837 4107 1002 4171 observetur,
1017 4103 1134 4157 Leonem
1150 4103 1338 4157 Toletanorum
1355 4105 1521 4158 conciliorum
1539 4122 1667 4174 canones,
1682 4107 1724 4173 qui
1742 4107 1795 4159 ueri
1813 4106 1905 4161 Isidori
1927 4110 2017 4163 canoni
2036 4111 2126 4164 inserti
2146 4119 2230 4167 erant
2243 4117 2269 4182 ⁷,
2289 4118 2359 4169 inter
2374 4115 2469 4178 relictui

222 4215 270 4266 per
285 4215 348 4266 quos
363 4196 495 4262 judicialis
512 4197 641 4250 sententia
658 4198 690 4249 ab
709 4197 839 4265 episcopis
857 4204 883 4250 et
902 4193 935 4249 de
952 4195 1081 4264 episcopis
1099 4195 1159 4248 istri
1179 4194 1301 4262 deberet,
1315 4192 1387 4248 baud
1403 4197 1571 4262 recensuisse.
1607 4195 1684 4258 Unde
1702 4196 1791 4250 uideor
1809 4195 1871 4249 milti
1889 4216 1992 4255 summo
2008 4201 2068 4268 jure
2086 4203 2222 4280 colligere
2241 4223 2341 4276 posse,
2359 4223 2390 4261 ne
2405 4181 2476 4272 ipsum*

222 4289 326 4355 quidem
343 4287 435 4340 isidori
452 4287 614 4355 Hispalensis
630 4302 755 4341 canonem
773 4287 856 4342 Leoni
871 4287 908 4340 lv
923 4292 1013 4340 notum
1031 4286 1143 4339 loiseel.
1175 4285 1307 4340 Certum
1299 4303 1398 4356 quoque
1419 4295 1468 4351 est,
1486 4288 1621 4342 Nicolaum
1638 4288 1650 4339 I
1668 4287 1732 4340 istas
1751 4286 1894 4343 decretales
1912 4287 1983 4344 hand
2001 4294 2167 4360 cognouisse.
2216 4297 2316 4366 Neque
2334 4299 2398 4352 enim
2412 4292 2469 4345 Vell-

223 4381 290 4446 lunt,
308 4377 815 4448 archispiscopo,1psam,nt²²statuta
830 4375 985 4432 Malchiadis
1002 4377 1156 4430 Peatiticia²²
1156 4393 1259 4445 ,quem
1277 4376 1420 4432 andierat²
1422 4378 1592 4447 ²decreuisse,
1609 4395 1643 4434 ns
1661 4379 1716 4446 quis
1735 4395 1844 4447 uuquam
1864 4383 2018 4449 pontifex·
1997 4400 2052 4437 sune
2068 4401 2207 4442 censensu
2225 4407 2308 4460 papus
2323 4387 2426 4444 Rommi
2440 4381 2476 4436 de

223 4477 389 4540 panaretum.
407 4471 481 4522 sibi’
484 4470 561 4524 ’sicut
581 4487 661 4540 penes
678 4470 763 4539 ipsum
779 4467 959 4525 habebantur²²
975 4469 1099 4538 mitteret,
1115 4471 1225 4538 roganti,
1241 4467 1297 4524 bec
1315 4477 1361 4524 aut
1376 4471 1446 4524 misit
1465 4478 1533 4524 ant²
1535 4473 1622 4540 ²peu'es
1637 4487 1665 4525 se
1679 4479 1754 4526 esse²²
1769 4474 1939 4540 affirmauit⁰3
1955 4479 1981 4526 et
1996 4471 2039 4527 hic
2057 4483 2146 4531 tamen
2167 4483 2411 4550 aptissimnslccus
2419 4485 2472 4532 esset

222 4563 378 4618 isidorianas
397 4561 555 4630 decretales,
572 4563 595 4616 si
612 4580 674 4646 quas
693 4564 757 4615 tales
775 4563 905 4630 uouisset,
926 4562 953 4615 ln
970 4561 1079 4613 Galliam
1098 4560 1217 4614 mittendi
1236 4568 1281 4615 ant
1298 4562 1391 4615 saltem
1410 4562 1637 4616 commemorandi.
1679 4562 1777 4618 ldem'
1769 4583 1795 4620 sn
1811 4582 1851 4634 ep.
1870 4563 1946 4618 Vad
1963 4565 2156 4639 Hincmarum,
2179 4589 2208 4628 ι,
2225 4581 2284 4630 863
2301 4577 2409 4646 scripta,
2425 4569 2470 4624 ιιιι·

222 4657 323 4722 quiores
340 4653 445 4706 nullas²
448 4641 655 4708 ²constitutiones
674 4653 799 4708 Romanae
816 4653 886 4707 sedis
904 4654 1074 4724 pontilicnm²²
1089 4652 1196 4721 laudat,
1213 4670 1288 4721 quam
1305 4655 1390 4729 Siricii
1406 4655 1535 4723 pontilicis
1551 4654 1757 4710 decretalem¹⁰.
1798 4657 1873 4709 Anno
1893 4656 1997 4711 demum
2015 4663 2068 4712 865
2086 4659 2266 4720 authentiam
2283 4667 2406 4722 Pseudo·
2411 4661 2469 4717 laidi⁴

220 4749 349 4800 rianarusn
369 4745 537 4798 decretalium
553 4743 684 4810 defendit,
711 4717 745 4798 de
767 4762 816 4814 quo
840 4743 958 4814 plarah.
981 4745 998 4796 ι.
1019 4760 1071 4798 non
1090 4742 1200 4798 dicenda
1217 4741 1340 4796 aaut·
1357 4745 1516 4800 Benedictus
1531 4747 1569 4800 lll
1589 4746 1707 4800 similiter
1728 4749 1760 4801 ab
1781 4765 1850 4802 omar
1843 4749 1989 4804 ⁸-Pseudo
1994 4749 2087 4805 lsldori
2107 4757 2277 4822 cognitione
2299 4761 2399 4815 alienus
2413 4755 2469 4810 iniat

220 4840 331 4892 uiuimus.
367 4839 419 4892 llic
437 4838 505 4891 enim
524 4838 550 4888 in
568 4836 677 4906 epistula
698 4837 732 4890 ad
749 4837 920 4892 Hincmarum
935 4833 1125 4899 Rhemensem,
1151 4834 1185 4888 de
1208 4851 1258 4902 qua
1282 4851 1344 4890 mox
1361 4835 1536 4906 disseremus,
1565 4855 1646 4906 quum
1664 4839 1690 4892 in
1706 4855 1738 4893 ec
1757 4847 1889 4908 uersatur,
1917 4850 1947 4894 ut
1968 4843 2077 4914 prabet,
2094 4845 2181 4901 licere
2200 4849 2355 4905 Hincmaro
2375 4849 2406 4904 ad
2420 4844 2467 4900 suda

219 4929 346 4987 Romane
363 4931 476 4992 tribunal
494 4945 650 4998 prouocare,
673 4947 706 4986 ne
724 4931 802 4984 uerbo
823 4928 927 4998 quidem
944 4929 1001 4984 illas
1019 4930 1118 4994 tangit,
1144 4925 1297 4994 simpliciter
1316 4935 1404 4982 autem
1428 4939 1532 4984 monet.
1559 4928 1670 4998 ²²[haec]
1689 4938 1795 4998 nostra,
1821 4934 1900 4986 immo
1921 4935 1990 4988 beati
2007 4934 2080 4988 Petri
2102 4941 2282 4997 anctoritate
2305 4943 2468 5013 precipiunt

221 5020 278 5074 aina
296 5021 375 5100 dubio
396 5023 429 5076 ad
451 5025 579 5077 celebrem
602 5023 764 5077 Sardicensis
781 5022 883 5075 concilii
902 5037 1027 5074 canonem
1045 5019 1194 5098 respiciens.
1231 5017 1316 5072 Quare
1337 5037 1418 5087 quum
1435 5022 1541 5076 Pseudo
1548 5021 1714 5076 -lsidorianae
1738 5021 1881 5078 decretales
1895 5026 1988 5081 Romae
2003 5041 2050 5096 per
2065 5029 2161 5096 uiginti
2187 5041 2258 5102 post
2281 5043 2392 5089 martem
2409 5027 2469 5092 suni

220 5109 246 5162 ll
260 5126 340 5165 annos
352 5081 428 5168 haud
448 5116 560 5182 cognite
577 5117 689 5179 tuerint,
707 5115 800 5168 mirum
820 5129 881 5166 sanc
896 5113 981 5174 soret,
999 5112 1047 5166 soli
1066 5110 1160 5177 Sergio
1176 5107 1202 5161 ιι
1218 5124 1262 5164 eas
1278 5111 1431 5170 innotuisse.

323 5239 358 5290 At
376 5243 461 5309 magia
479 5243 557 5295 etiam
575 5239 693 5295 miranda
708 5247 748 5292 est
764 5255 881 5306 summa,
899 5255 956 5306 qun
971 5238 1058 5291 stlatis
1075 5236 1161 5302 Sergii
1176 5244 1204 5289 et
1216 5236 1428 5294 Pseudo-Isidori
1444 5239 1599 5310 intercedit,
1616 5243 1800 5296 conuenientia.
1837 5243 1901 5298 Qum
1918 5254 1947 5299 ut
1962 5247 2085 5316 explicari
2100 5251 2214 5320 possit,
2232 5251 2397 5324 hypothesin
2411 5265 2468 5320 quw

219 5326 399 5400 dan-uestram
418 5332 556 5386 doctorum
574 5333 688 5386 uirorum
704 5331 816 5386 examini
838 5329 1014 5394 subjiciamus.
1054 5331 1126 5384 Puto
1148 5330 1276 5400 equidem.
1297 5331 1367 5385 inter
1381 5333 1548 5401 Drogcnem,
1565 5333 1659 5388 Romae
1674 5353 1698 5388 a.
1715 5337 1768 5388 844
1787 5345 1931 5390 uersantem
1949 5337 2012 5405 (uid.
2032 5356 2057 5407 p.
2076 5339 2137 5408 90),
2160 5351 2193 5400 et
2215 5347 2313 5415 ipsum
2331 5347 2441 5414 Sergium
2457 5337 2476 5391 ll

219 5419 368 5476 conuenisse
388 5424 421 5477 de
437 5426 598 5492 autocratia,
614 5427 694 5492 qualis
709 5425 736 5476 in
752 5424 795 5475 illa
810 5421 896 5488 Sergii
913 5421 1024 5489 epistola
1039 5423 1166 5486 traditur,
1185 5423 1241 5478 sedi
1259 5425 1384 5478 Romanae
1402 5425 1570 5492 uindicanda3
1593 5427 1716 5494 Sergium
1733 5427 1827 5496 igitar,
1846 5437 1992 5496 sperantem
2010 5432 2082 5496 lore,
2100 5441 2134 5486 nt
2158 5439 2221 5491 tres
2240 5441 2379 5510 principes
2395 5431 2476 5503 tmperi

217 5511 337 5566 Francici
355 5513 487 5584 Drogcnl,
514 5517 658 5584 auunculo,
685 5515 760 5582 cujus
776 5514 931 5568 auctoritate
947 5513 1047 5580 sepius
1060 5516 1101 5568 usi
1118 5517 1222 5570 sumant
1240 5524 1267 5570 et
1284 5513 1335 5570 boc
1351 5517 1514 5584 potissimum
1533 5523 1650 5587 tempore
1675 5521 1829 5584 utebantur,
1856 5521 1939 5576 nudas
1965 5523 2096 5580 meletias
2115 5531 2313 5600 lacesserent,
2340 5531 2407 5586 hunc
2422 5525 2473 5582 ,eii

216 5621 271 5659 ιιιιι
288 5604 410 5660 uicarium
429 5607 605 5676 constituisse,
620 5608 769 5676 Diogenem
786 5623 855 5674 uere,
870 5621 952 5671 quum
971 5607 1094 5674 praesules
1109 5623 1184 5676 regni
1177 5609 1253 5662 car
1265 5607 1336 5660 Calua
1346 5608 1469 5678 praelecta
1486 5612 1664 5678 negavissent,
1682 5607 1739 5664 haec
1756 5611 1851 5666 tanta
1839 5629 1899 5678 Jura
1918 5614 2035 5682 cuiquem
2053 5623 2154 5672 tenuere
2176 5626 2301 5678 conferri
2322 5623 2413 5678 debete
2424 5616 2471 5686 (sid.

216 5711 241 5763 p.
263 5695 324 5763 94),
351 5700 421 5752 aut
413 5717 500 5769 ipsum
522 5702 547 5754 in
563 5701 678 5753 animum
693 5697 828 5752 induxisse
848 5703 894 5750 aut
914 5697 999 5763 Sergii
1018 5694 1124 5752 hortata
1141 5698 1298 5767 decreuisse,
1324 5707 1354 5753 ut
1370 5702 1434 5753 istas
1451 5693 1594 5783 decretales
1613 5703 1786 5758 conficiendas
1804 5711 1924 5774 curaret,
1949 5708 2041 5774 quibus
2057 5714 2189 5772 unquam
2211 5717 2379 5786 perantiquis
2393 5713 2472 5782 legabit

215 5785 398 5844 ecclesiasticis
420 5789 567 5845 Francici'
560 5793 660 5860 imperii
679 5791 823 5862 episcopis,
850 5789 892 5858 qut
913 5790 962 5843 sub
980 5789 1074 5844 carolo
1091 5791 1129 5845 Μ.
1149 5791 1308 5850 dedicissent
1326 5795 1444 5863 antiquos
1462 5777 1574 5848 maanes
1596 5801 1623 5850 et
1645 5796 1761 5864 antiquas
1782 5793 1925 5853 decretales
1947 5815 2047 5854 summa
2073 5803 2237 5859 reverentia
2268 5809 2405 5878 prosequi,
2428 5808 2472 5854 ad
