5002 6366
1116 506 1217 616 Π.-

710 799 1018 912 ,ιΕιιιιιι
1082 799 1559 886 Boniioeii.

811 1159 859 1206 ,Ι
972 1099 978 1112 ·
1027 1066 1289 1194 reo-os.

846 1302 1463 1324 -Q—-n———unn-—q-d———u—-a-

200 1507 367 1570 Politienm
387 1527 555 1588 regnorum
579 1514 694 1570 statum
715 1507 823 1588 paneis
850 1511 922 1568 ante
945 1507 1201 1587 perstringamus,
1232 1525 1320 1588 quam
1344 1525 1461 1569 sacram
1482 1505 1576 1590 hujus
1597 1509 1652 1571 eri
1674 1509 1836 1573 historiam
1860 1531 2046 1581 enarremus.
2092 1521 2204 1588 Graeco
2227 1529 2282 1590 im-

46 1637 122 1714 perio
142 1634 209 1696 Leo
234 1634 274 1696 iii
295 1641 328 1696 et
351 1635 570 1699 Constantinus
589 1632 636 1711 V,
659 1633 812 1695 duumuiri
834 1633 948 1694 heiiioa
968 1633 1154 1696 fortitudine
1176 1633 1335 1716 insignes,
1365 1652 1427 1697 non
1450 1636 1517 1697 siue
1537 1611 1648 1725 magna
1668 1637 1760 1700 laude
1779 1649 1951 1721 praeerant,
1980 1647 2037 1708 sed
2059 1649 2141 1712 uires
2164 1671 2282 1732 eorum,

44 1760 190 1824 intestinis
211 1764 322 1844 popuii
344 1765 481 1828 motibus
500 1765 631 1838 attritus,
659 1780 757 1842 oeque
779 1759 1054 1840 Langobardorum
1075 1761 1187 1842 opibus
1209 1779 1307 1840 neque
1329 1761 1622 1825 Arabum'fortunae
1648 1767 1798 1829 'resistere
1821 1771 1975 1849 poterant.
2000 1807 2042 1821 —
2065 1773 2211 1844 Saraceni
2236 1787 2281 1848 dt.

42 1889 148 1949 tionem
169 1907 259 1954 suam
279 1893 372 1976 louge
394 1894 515 1975 iateque
535 1890 758 1968 extendebant,
781 1907 879 1970 neque
900 1888 1000 1950 solum
1020 1889 1053 1950 iu
1074 1889 1204 1964 Oriente
1228 1889 1285 1952 sed
1308 1891 1402 1952 etiam
1422 1893 1454 1954 in
1473 1891 1606 1954 mediam
1629 1893 1812 1984 anoiam,
1826 1897 1883 1958 sed
1901 1903 2016 1988 tamen,
2036 1904 2152 1968 uirtute
2175 1908 2280 1974 omn

42 2015 170 2080 biarteiii
192 2035 301 2102 magua
321 2028 426 2104 strage
448 2019 524 2095 iusi,
547 2018 627 2080 eitra
641 2019 719 2099 juga
737 2017 960 2098 Pyrenaeomm
981 2001 1131 2080 montium
1151 2018 1364 2080 subsidebant.
1408 2019 1456 2081 Ae
1477 2027 1588 2100 postea
1608 2021 1845 2100 Abdiirabmau,
1875 2043 2050 2108 exgenere
2074 2031 2280 2118 Ommiadum,

41 2164 158 2226 regnum
180 2148 349 2230 Hispanis,
373 2147 533 2228 chaiiphts
556 2150 710 2226 ereptum,
734 2147 793 2208 sibi
817 2135 941 2224 suisque
960 2145 1127 2226 requisivit.
1148 2174 1190 2192 ‹-
1210 2146 1243 2208 in
1266 2145 1397 2208 Francia
1423 2151 1516 2228 ”genu
1538 2143 1790 2230 Merouiugorom
1812 2194 1820 2211 .
1841 2194 1851 2226 ‚
1872 2194 1881 2210 .
1904 2195 1912 2212 .
1935 2147 2139 2236 ,jamdudum
2163 2163 2279 2227 uirilius
2389 2213 2393 2219 .
2493 2157 2494 2164 '

8 2327 16 2346 ,
40 2277 145 2354 uigoris
170 2281 256 2350 erat,
280 2295 338 2338 neo
358 2277 515 2360 quicquum
537 2277 570 2336 in
591 2293 627 2336 ue
643 2274 766 2338 ¹elaruua
789 2281 906 2354 preter
927 2274 1018 2336 inane
1040 2275 1125 2356 regis
1147 2274 1328 2336 uocabulum
1350 2275 1549 2356 praeferebat.
1594 2273 1671 2336 Nam
1697 2284 1730 2337 et
1753 2296 1831 2357 opes
1853 2283 1887 2339 et
1905 2284 2047 2362 potentia
2070 2289 2158 2367 regni
2181 2279 2278 2369 penes

40 2402 140 2465 Palatii
164 2403 345 2484 prefectos,
369 2405 418 2483 qui
440 2403 579 2486 Majores
599 2397 711 2462 domus
733 2400 926 2478 dicebantur,
946 2407 980 2462 et
1001 2402 1039 2464 ad
1060 2405 1135 2482 q'uos
1155 2418 1274 2463 summa
1293 2404 1416 2483 imperii
1439 2401 1627 2483 pertinebat,
1650 2405 1853 2465 tenebantur”
1873 2407 2130 2488 (digidhard.uitt
2147 2415 2216 2478 Oai.
2233 2413 2278 2482 Μ.

31 2485 97 2610 ⁸itaq.
121 2533 177 2608 l.).
227 2531 346 2591 Horum
368 2529 498 2592 caroius
517 2528 681 2592 Marteiius
704 2528 902 2607 (rra-41),
923 2530 1045 2592 iuuietoe
1066 2529 1168 2612 gentis
1192 2528 1416 2592 Saracenorum
1435 2500 1758 2606 notoeenrtssimus
1781 2539 1858 2593 erat.
1899 2526 1956 2614 Qui
1971 2537 2174 2606 moribundus
2187 2539 2290 2628 regni¹

39 2657 326 2722 administrationem
348 2657 430 2719 binis
450 2657 534 2738 iiiiis,
555 2655 669 2736 Pipiuo
692 2661 726 2716 et
747 2651 961 2732 carlomanno,
984 2657 1148 2730 commisit,
1171 2673 1298 2735 quorum
1322 2663 1426 2718 nmen
1448 2657 1608 2737 posterior
1625 2676 1654 2718 a.
1673 2657 1737 2718 747
1754 2669 1852 2738 reguo
1871 2679 1916 2732 se,
1939 2667 1973 2722 ut
1988 2668 2156 2732 monachus
2173 2673 2276 2746 fleret,

38 2785 193 2862 abdicauit,
216 2785 304 2865 prior
324 2801 406 2858 uero,
429 2783 608 2853 childerico
626 2781 678 2862 111,
702 2783 812 2846 ultimo
835 2783 936 2864 gentis
954 2780 1302 2864 Merouiugorumr'ege,
1325 2783 1358 2844 iu
1375 2785 1593 2856 monasterium
1606 2785 1744 2861 detruso,
1765 2784 1849 2866 regis
1864 2785 1956 2850 titulo
1966 2797 1998 2853 et
2009 2791 2127 2856 honore
2139 2761 2275 2878 mortuas,

38 2911 190 2974 imneiam
211 2932 238 2974 a.
260 2912 422 2986 752-68
440 2912 546 2974 multis
566 2911 715 2992 qroeeiare
734 2911 832 2992 gestis
855 2911 985 2991 insignis
1007 2911 1165 2992 regnabat.
1188 2941 1229 2954 -
1249 2909 1284 2970 iu
1304 2910 1467 2974 Germania
1486 2911 1611 2994 plurimi
1633 2913 1742 2994 populi
1764 2912 1907 2992 feroces,
1934 2922 1971 2977 nt
1989 2917 2100 2999 Frisii,
2125 2922 2273 3002 Saxones,

37 3036 144 3110 iiassii,
168 3037 333 3120 Thuringi,
357 3039 527 3114 Alemanni,
548 3039 667 3116 barad,
688 3037 793 3100 Hunni
816 3042 850 3098 et
871 3037 965 3115 Siaui,
988 3039 1053 3100 suis
1073 3040 1181 3118 quique
1202 3035 1326 3118 iegibus
1349 3039 1600 3120 obtemperantes
1623 3039 1787 3119 degebant.
1807 3039 2058 3132 -lhombardia'a
2073 3059 2202 3130 re'gnum
2217 3075 2275 3135 per
2365 3099 2372 3116 ,

37 3163 264 3246 huitprandum,
284 3165 455 3242 ult-4³,
468 3155 629 3228 ‘summurn
650 3147 799 3247 potentior
822 3163 979 3246 fastigium
997 3166 1110 3246 attigit.
1156 3164 1219 3226 Sed
1233 3151 1350 3226 Rechts
1371 3147 1572 3246 (uas-49),
1590 3165 1695 3227 mitior
1712 3185 1798 3246 quam
1815 3143 1931 3228 tortior
1945 3177 2052 3233 natura
2067 3171 2180 3250 iaetus,
2200 3189 2274 3260 post

35 3294 157 3373 quinque
178 3313 327 3356 annornm
349 3295 490 3376 regimen
510 3295 689 3355 monastice
712 3281 784 3355 uitus
803 3311 839 3356 so
859 3293 997 3364 deuouits
1018 3292 1174 3354 hiatuifus
1197 3311 1270 3352 uero
1293 3291 1481 3372 (tat-oo)
1504 3298 1537 3353 et
1558 3291 1739 3354 Desideriua
1763 3291 2011 3374 opihua'l’iquiui,
2032 3298 2178 3364 Romanis
2202 3325 2272 3368 suo-

35 3423 192 3496 eurrentis,
216 3423 362 3502 impares,
384 3423 545 3483 interitum
567 3423 656 3502 regui
677 3424 833 3503 parabant.
855 3453 895 3466 —
911 3419 943 3479 in
960 3419 1122 3512 ⁸iirituunia
1144 3383 1239 3499 regim
1262 3417 1624 3493 Northamhumbrurum,
1645 3414 1836 3479 Meroiorum
1857 3427 1890 3479 et
1909 3416 2155 3489 O'eoidentuiium
2176 3431 2271 3496 Suno-

33 3563 95 3607 num
122 3547 239 3626 reliqua
258 3549 455 3631 subegerant,
478 3548 534 3612 sed
555 3550 623 3629 ipsa
643 3549 857 3630 frequentibus
868 3565 1030 3628 procerum
1041 3546 1124 3608 iuter
1135 3565 1170 3607 e
1188 3547 1437 3608 contentionibus
1448 3552 1481 3608 et
1498 3562 1642 3608 nouarum
1659 3563 1762 3608 rerum
1785 3545 1896 3608 studiis
1916 3551 2272 3619 concutiebantur²⁸.-

196 3675 283 3755 Quod
304 3677 341 3737 ad
364 3694 491 3752 sueram,
514 3695 580 3757 qum
602 3662 759 3755 sequitur,
773 3675 866 3766 hujus
884 3676 940 3736 aeui
957 3673 1124 3736 historiam,
1135 3673 1258 3748 attinet,
1275 3670 1357 3734 huno
1376 3674 1515 3737 ordinem
1533 3673 1757 3736 instituendam¹
1770 3679 1841 3734 ease
1855 3675 1968 3753 putaui.
2012 3677 2148 3742 Primum
2162 3677 2269 3747 uden-

33 3803 94 3862 taiis
120 3803 274 3878 ecelesiae,
297 3804 454 3884 praecipue
476 3821 550 3865 uero
573 3803 636 3864 litis
658 3799 886 3863 ieonoeiastieso
907 3798 1069 3861 historiam
1090 3800 1239 3860 enarrabo
1262 3801 1304 3878 (q.
1326 3801 1492 3888 26427),
1515 3801 1627 3861 deiude
1649 3799 1749 3862 fusius
1771 3820 1931 3882 exponam,
1954 3801 2170 3882 qrtltomaaos
2194 3831 2271 3891 pon.

32 3929 99 3990 tifex
123 3949 261 4010 magnam
281 3933 312 3992 in
335 3909 421 4009 italia
441 3935 629 4015 potestatem
652 3931 781 3991 maxime
802 3913 843 3988 ob
867 3927 959 4010 hujus
984 3926 1047 3990 iitis
1068 3912 1177 3988 euentu
1199 3934 1384 3988 consecutus
1404 3930 1446 3988 sit
1468 3927 1516 4008 (p.
1537 3927 1703 4008 est-29),
1727 3937 1760 3989 et
1781 3926 1855 3987 huie
1871 3926 2077 4006 disquisitioni
2090 3927 2269 4017 adjungam,

31 4076 78 4134 qua
97 4057 222 4118 ratione
247 4056 383 4120 Romana
405 4058 579 4120 hierarchia
601 4063 687 4119 extro
706 4058 784 4117 iines
807 4053 913 4128 italie,
935 4074 1004 4116 euru
1024 4053 1129 4114 muitis
1153 4053 1297 4134 gentihus
1317 4053 1356 4114 ad
1377 4055 1470 4116 tidem
1489 4053 1656 4116 Romanam
1677 4051 1845 4128 conuersis,
1866 4060 1930 4113 tum
1954 4053 2039 4115 sedis
2050 4053 2197 4122 Romane
2210 4085 2269 4146 're-

30 4187 164 4246 rerentia
187 4203 245 4264 por
264 4145 454 4249 Bonifatium
477 4189 539 4250 iate
561 4186 776 4278 disseminata,
806 4165 914 4262 magna
942 4183 1130 4244 incrementa
1156 4186 1283 4260 caperet
1310 4179 1356 4261 (p.
1380 4179 1544 4262 art-ur).
1588 4185 1661 4262 Quor
1684 4180 1792 4242 eadem
1813 4197 1907 4259 quum
1932 4180 2153 4248 ecelesiasticis
2177 4189 2269 4251 Oret.

32 4313 126 4376 dentis
148 4314 285 4379 motibus
299 4315 451 4396 aliquanto
472 4301 737 4387 ooniirmareutur,
759 4311 869 4370 horum
891 4308 1053 4375 historiam
1076 4307 1270 4387 insequenti
1293 4307 1398 4374 tabula
1420 4306 1466 4390 (p.
1486 4307 1640 4383 iii-88)
1663 4306 1790 4368 nodam.
1835 4303 1917 4366 Tum
1938 4306 2061 4370 demunt
2083 4315 2162 4374 autri
2185 4317 2268 4378 ordi.

31 4443 71 4500 nis
94 4417 531 4520 monachorumqueratioues
552 4439 701 4501 enarrabo
724 4444 769 4517 (p.
789 4435 948 4538 84-87),
971 4435 1121 4514 siqnidem
1142 4452 1187 4494 ese
1202 4434 1291 4515 juste
1314 4397 1477 4496 examinari
1508 4441 1678 4513 nequeant,
1713 4431 1770 4492 uisi
1803 4420 1985 4494 hierarchiae
2013 4432 2159 4502 Romanor
2188 4446 2268 4504 ratio

30 4575 192 4648 perspecta
211 4566 315 4629 fuerit.
362 4568 505 4630 Omnium
527 4563 702 4648 postremus
725 4563 908 4625 eruditionis
930 4563 1162 4643 litterarumque
1184 4566 1284 4622 stotus
1310 4560 1416 4640 paucis
1436 4545 1645 4636 iudicabitur,
1680 4557 1919 4637 quandoquidem
1948 4559 2001 4622 hie
2029 4566 2142 4630 nuliam
2170 4579 2268 4650 neque
2308 4567 2312 4576 “

31 4695 109 4756 litem
132 4714 233 4775 neque
255 4696 366 4778 dogma
386 4716 484 4777 neque
505 4695 638 4759 schisma
658 4712 756 4774 neque
777 4692 871 4753 olium
899 4687 1047 4772 quendam
1077 4695 1219 4774 euentum
1242 4689 1505 4762 ecclesiasticum,
1535 4686 1624 4768 eujus
1649 4682 1791 4746 historiae
1817 4685 2078 4767 promitteretur,
2106 4696 2266 4772 genuerit,
2390 4701 2398 4715 ·

30 4821 91 4896 ipse
112 4842 200 4902 uero,
228 4841 332 4884 mores
352 4825 448 4886 totius
468 4824 524 4884 seui
544 4821 697 4899 reterens,
719 4803 966 4908 precedentium*
983 4817 1118 4882 omnium
1139 4815 1303 4897 imaginem
1324 4815 1470 4896 quandam
1489 4814 1632 4896 praehere
1654 4813 1763 4892 possit.

193 4951 264 5028 Hor
288 4953 398 5012 ordine
420 4952 514 5034 hujus
537 4949 593 5011 aeui
615 4956 724 5010 eventa
745 4948 926 5018 traditurus,
954 4963 1047 5026 spero
1068 4944 1265 5024 pragmaticae
1289 4943 1429 5004 historie
1460 4941 1632 5004 rationibus
1655 4941 1731 5004 satis
1759 4945 1933 5006 consultum
1961 4941 2020 5004 iri.'
2055 4947 2140 5022 Qvod
2164 4959 2265 5010 autem

29 5075 94 5140 hoio
113 5098 180 5144 oeuo
199 5079 352 5150 Bouiiaoii
375 5097 486 5143 nomen
510 5077 638 5158 praeiini,
659 5077 740 5165 uuila
763 5074 960 5138 excusatione
983 5077 1066 5153 eget,
1086 5073 1226 5164 quoniam
1248 5071 1391 5151 pleraque
1411 5068 1472 5134 hoo
1495 5077 1622 5136 auctore
1644 5069 1828 5134 factasunt.
1862 5141 1868 5148 ἡ

1597 5384 1599 5393 .

847 5379 1440 5421 m
1474 5403 1482 5410 ,
