4986 6384
42 461 167 532 cri
260 457 691 528 ordinis

39 622 307 689 budorici
350 623 387 686 1¹.
431 643 567 686 esse
611 623 884 690 deberet.

680 775 715 858 i')
735 777 855 841 rntlone
876 781 1104 844 monuebornm.

93 919 235 974 Lndoricne
252 921 330 974 ritum
345 919 522 988 monasticem,
540 933 615 986 qvem
631 918 871 997 plerinl'iscieist,
888 923 988 978 nuebe
1004 929 1032 976 ct
1049 921 1082 976 ed
1102 921 1234 978 meliorem
1251 927 1348 975 sueton
1367 918 1509 990 perducere
1524 935 1627 976 sumum
1645 921 1737 980 studio
1754 933 1782 980 et

37 1017 104 1068 ieborc
119 1012 263 1068 eoubetor.
1538 1023 1540 1028 ·

92 1110 113 1158 1.
139 1104 204 1170 'Hoc
218 1103 327 1160 consilio
341 1110 496 1158 conventum
512 1104 635 1157 ebbetuur
653 1101 887 1172 monachorumque
897 1105 1014 1160 Freneie
1027 1105 1203 1174 bqrisgrsnlis
1217 1121 1240 1160 e.
1258 1103 1447 1180 eitiustituit
1460 1104 1487 1158 iu
1501 1119 1551 1172 qrc
1566 1104 1676 1174 plun'me
1686 1103 1781 1164 bornru

36 1201 101 1254 rnen
117 1198 265 1252 erumna
280 1196 422 1250 ancone.
456 1194 536 1250 nare
552 1195 620 1250 curn
636 1197 719 1250 niun
736 1197 834 1266 ngas·
840 1197 977 1252 maceror
992 1193 1114 1266 orsorio
1131 1213 1177 1252 co·
1192 1197 1339 1266 numeru,
1358 1195 1406 1252 seu
1423 1196 1505 1251 rotun
1520 1197 1610 1264 enen,
1628 1205 1658 1253 st
1674 1181 1782 1256 anno.

34 1293 91 1344 ”ern
109 1305 154 1359 per
167 1289 270 1357 singule
286 1289 364 1343 verbe
381 1286 548 1344 discutientes
565 1288 699 1356 legerent’i
714 1289 786 1359 (cup.
807 1289 844 1358 1),
860 1297 888 1344 et
902 1285 1021 1345 mouecbi
1044 1289 1210 1344 ‘’nemorlter
1230 1305 1288 1343 esur
1308 1287 1464 1344 discerent”.
1495 1288 1606 1357 Insuper
1617 1305 1665 1358 per
1679 1292 1783 1362 singule

35 1383 100 1438 endo
116 1381 311 1449 diligentissime
328 1381 477 1446 coustituit,
501 1379 586 1450 quood
604 1379 693 1436 liceret
710 1383 743 1436 lis
759 1379 838 1438 edere
851 1373 888 1447 (c.
903 1387 930 1436 8.
945 1383 974 1450 4)
988 1390 1017 1436 et
1031 1383 1118 1436 bibere
1137 1381 1174 1447 (o.
1192 1382 1253 1450 12),
1269 1395 1344 1450 qoem
1362 1382 1472 1452 impigre
1494 1381 1611 1436 munibus
1637 1383 1782 1440 lsborerent

35 1476 59 1540 (c
65 1478 86 1527 4.
96 1479 131 1526 ii.
139 1477 181 1528 ³⁹.
190 1475 247 1541 40),
260 1471 413 1528 '’officium''
420 1474 457 1542 (or
471 1473 570 1531 colum
579 1473 740 1549 religiosum)
749 1475 901 1543 perlicerent
908 1475 945 1544 (c.
953 1479 980 1528 8.
997 1479 1041 1528 oo.
1056 1477 1098 1528 41.
1115 1479 1158 1528 oo.
1173 1473 1229 1542 73),
1246 1481 1274 1528 et
1287 1473 1474 1528 ''wdetun”
1491 1474 1526 1542 <or
1548 1471 1644 1542 pedum
1659 1475 1781 1532 sbiuitlo-

37 1565 85 1632 nen)
97 1565 253 1634 susciperent
270 1565 306 1634 (c.
323 1569 368 1620 2³.
382 1565 440 1632 ns),
465 1581 590 1634 memque
613 1564 736 1632 religiose
755 1563 850 1620 delicte
871 1582 919 1620 sue
940 1551 1125 1621 confirmentur
1145 1565 1183 1633 (c.
1208 1565 1253 1634 lli)
1275 1573 1304 1619 et
1320 1573 1418 1620 cesten
1434 1567 1513 1620 ritem
1528 1564 1654 1634 degerent
1669 1567 1706 1635 (c.
1725 1569 1780 1638 lo).

36 1658 137 1710 Pretcres
151 1657 292 1711 numitor
306 1657 439 1726 precepit,
456 1665 487 1711 ut
502 1653 634 1714 moerebis
651 1658 706 1711 soie
723 1659 896 1714 neuasmium
913 1659 1001 1712 cibum
1015 1665 1044 1712 et
1061 1665 1152 1726 potum
1169 1659 1205 1723 (c.
1222 1661 1267 1711 22.
1282 1656 1347 1722 47.)
1364 1673 1412 1714 nec
1426 1673 1487 1728 nou,
1504 1658 1622 1726 ”qrooss
1636 1661 1781 1716 nccusitcs

35 1751 172 1820 nposcebre
189 1749 343 1804 vestimento
356 1751 403 1818 (-
417 1763 466 1804 nec
481 1749 591 1804 multum
609 1749 676 1818 ville,
694 1765 742 1806 neo
757 1751 867 1806 meltum
882 1750 1004 1820 pretiose
1020 1748 1067 1804 sod
1085 1749 1225 1807 medimnis
1239 1751 1275 1817 (c.
1292 1750 1340 1818 2⁰)
1357 1750 1402 1816 -)
1424 1754 1452 1804 et
1469 1749 1653 1806 oeieiemew’
1667 1752 1705 1820 (c.
1723 1752 1779 1822 eo).

34 1843 156 1896 misenen
167 1858 264 1910 coppos
275 1842 379 1896 villosus
392 1841 429 1907 (ο.
440 1841 488 1909 ol)
496 1843 649 1911 preberent,
667 1859 803 1912 neqveeos
820 1841 921 1898 ”nudos
935 1857 983 1912 pro
998 1842 1111 1909 qrelibet
1125 1841 1202 1912 culpe
1219 1857 1305 1897 curem
1322 1843 1431 1896 fretruur
1448 1841 1585 1896 obtutibus
1602 1844 1780 1912 mgeilmm

33 1937 59 1998 lc.
68 1935 110 2001 14),
124 1942 167 1988 ent
181 1935 255 1987 vilius
270 1949 331 1987 sues
347 1933 380 1987 iis
391 1932 574 1990 custodiendus
588 1936 780 1991 summitterent
796 1935 831 2003 (o
846 1938 903 2004 ur),
918 1949 999 2004 neqve
1009 1931 1118 2002 denlme
1128 1935 1323 2004 ”prepositum,
1333 1935 1380 2002 (-
1397 1933 1457 2001 ”gri
1475 1934 1542 1988 intre
1558 1941 1586 1988 et
1600 1944 1675 1991 extre
1691 1951 1781 1992 mone·

33 2027 116 2080 steiun
127 2032 184 2094 post
195 2027 317 2082 ebbctorn
329 2021 452 2090 sudorem
467 2027 570 2094 rellqris
583 2022 670 2080 ebbeti
686 2026 798 2080 subditis
809 2023 915 2082 heberet
930 2033 1101 2098 poteststew
1114 2025 1152 2092 (ο.
1165 2028 1212 2093 81)
1224 2028 1271 2093 -)
1284 2025 1409 2080 decennos
1424 2026 1472 2094 (-
1484 2027 1544 2094 ”qvi
1555 2029 1699 2084 ebbetnrel
1714 2047 1780 2100 prn-

33 2119 97 2186 positc
113 2125 234 2188 presente
250 2119 336 2174 locum
353 2119 487 2188 propr-lusu
503 2118 622 2174 ίοοοοοὶυ
637 2120 672 2187 (o.
687 2121 735 2186 bb)
745 2118 797 2187 4-)
813 2125 858 2174 eut
875 2119 1043 2188 oebcnrinus,
1058 2119 1108 2173 uisi
1122 2135 1204 2173 erese
1217 2119 1336 2172 utilitatis
1350 2125 1397 2172 eut
1413 2119 1583 2186 nccusltetis,
1600 2131 1779 2178 renovemu‘

33 2213 59 2272 (e
70 2213 122 2278 ili);
138 2209 170 2265 de
186 2211 323 2266 mucan
336 2220 413 2280 reru,
436 2217 480 2280 ut,
506 2211 629 2282 ”expleto
645 2211 805 2281 probetionis
819 2227 874 2266 sore
887 2219 972 2266 euuo”
989 2220 1042 2266 uon
1061 2211 1134 2281 prius
1152 2209 1333 2280 tonderentur,
1358 2225 1434 2278 qrern
1452 2207 1626 2268 obedientem
1644 2215 1778 2282 promisis-

34 2303 236 2371 mmm·
1407 2315 1411 2326 ¹

84 2399 107 2448 2
142 2395 181 2450 Ne
200 2395 257 2465 qvis
275 2401 363 2450 entem
380 2395 548 2450 monosticum
567 2394 646 2450 ritum
664 2401 761 2452 temere
775 2395 932 2465 susciperet,
956 2411 1021 2451 nore
1040 2395 1074 2451 ud
1095 2396 1255 2450 coowrtious
1271 2395 1330 2462 eius
1347 2394 1371 2448 ri
1391 2392 1597 2458 edscisoeretur,
1626 2395 1776 2456 Lndurlcue

32 2487 146 2553 eurissine
159 2488 310 2543 constltuitr
335 2492 359 2542 1.
375 2485 427 2542 ”de
440 2487 578 2556 loenrieis,
603 2487 646 2557 qvi
662 2487 732 2542 viros
746 2488 885 2555 emittm,
908 2487 1020 2557 piecuit,
1045 2505 1079 2543 ne
1101 2505 1131 2543 se
1152 2490 1221 2544 sicut
1246 2485 1371 2542 bectener
1392 2487 1530 2543 iud'ucrete
1552 2487 1652 2556 reiut,
1678 2497 1708 2544 ut
1730 2492 1777 2545 tri-

32 2579 85 2644 girtr
99 2579 148 2634 dies
162 2561 224 2650 post¹
236 2579 375 2636 decerem
392 2579 439 2633 riri
455 2579 496 2634 sul
513 2585 681 2648 exspectent,
703 2584 731 2634 et
745 2585 806 2649 post
821 2579 979 2634 tricesimum
994 2577 1064 2634 diem
1083 2595 1131 2650 per
1150 2581 1285 2636 eonsilium
1306 2581 1422 2649 episcopi
1444 2581 1502 2649 sni,
1527 2582 1568 2635 vei
1589 2579 1611 2634 sl
1635 2581 1776 2652 episcopus

31 2672 198 2740 sbsensiuerit,
221 2673 332 2728 consilio
346 2673 455 2726 diorum
472 2671 653 2740 tetigissem
670 2669 835 2725 secerdotum
852 2687 1007 2738 euentuque
1024 2679 1160 2742 porcetum
1181 2681 1210 2728 ct
1230 2673 1371 2727 οοιίοοοιιοι
1391 2670 1436 2738 ld,
1458 2670 1528 2740 qvod
1551 2671 1649 2740 eligere
1669 2671 1774 2743 debent,

30 2764 120 2832 dignu
131 2765 216 2834 (cepit.
234 2765 357 2834 Aqsisgr.
372 2779 397 2818 e.
414 2767 476 2831 010,
491 2781 518 2817 cr
529 2763 590 2831 bi),
607 2767 634 2816 il.
650 2770 700 2818 ”ne
717 2762 791 2832 pueri
806 2763 864 2818 siue
878 2763 1011 2819 voluntetc
1026 2772 1161 2834 perenturu
1176 2771 1357 2832 tonsorentur,
1383 2764 1423 2818 rel
1432 2753 1531 2832 ‘puelle
1544 2763 1680 2820 suumn*
1696 2766 1773 2835 (ibid.

30 2873 48 2908 ο.
59 2857 124 2925 itii,
139 2875 244 2928 procum
260 2858 378 2912 conferes
395 2862 513 2910 merent.
531 2855 650 2924 Aqvlsgr.
668 2871 694 2908 e.
711 2859 772 2922 eii,
788 2871 812 2910 c.
827 2859 876 2908 ntis
899 2861 948 2909 ”ut
965 2871 1075 2924 puerum
1093 2862 1166 2925 peter
1190 2863 1237 2910 eut
1260 2863 1343 2910 meter
1362 2863 1480 2926 tempore
1501 2856 1639 2911 obletlouis
1661 2857 1774 2913 ederent

31 2946 99 3015 illuri,
112 2957 135 3004 et
147 2951 295 3019 petitionem
313 2963 361 3021 pro
378 2963 410 3002 eo
426 2961 512 3002 eorem
531 2947 602 3002 inicis
618 2947 730 3001 testibus
746 2946 851 3009 sociem,
868 2952 943 3014 grem
958 2953 1075 3017 tempore
1088 2947 1243 3016 intelligibili
1258 2950 1315 3019 lpse
1332 2931 1579 3018 puercoelirrnettir
1603 2953 1630 3004 8.
1646 2955 1697 3006 ”ne
1713 2966 1774 3005 vero

11 3041 107 3114 ¹puelle
119 3043 246 3099 indiscrete
265 3041 397 3104 reiectos,
421 3039 519 3110 pleonit
527 3076 605 3095 .....
624 3045 726 3094 utnon
749 3045 809 3094 ente
825 3037 899 3093 XXV
919 3055 1000 3094 runos
1024 3040 1182 3106 (crunnum
1203 3040 1353 3096 sloesimnm
1373 3047 1401 3095 et
1424 3040 1553 3110 qrintnm)
1574 3049 1773 3097 moneantur*

30 3131 103 3202 (eupit.
117 3137 225 3205 Aprisgr.
242 3151 270 3189 e.
284 3137 347 3202 dio,
363 3149 387 3185 c.
404 3131 461 3198 44).

86 3231 109 3280 ³.
143 3228 180 3282 Ad
195 3231 265 3282 bone
280 3225 494 3280 monesterlornur
511 3223 659 3289 muniendo,
674 3241 725 3278 eon
740 3224 825 3278 suiuus
839 3223 975 3278 ebbstlbus
992 3221 1069 3292 qvem
1083 3224 1213 3293 episcopis
1231 3225 1368 3293 concessit,
1386 3232 1416 3279 et
1432 3220 1646 3292 ’‘vicedominos',
1666 3225 1773 3296 Prepe-

29 3317 85 3385 situs,
99 3317 235 3375 Adroeetos
252 3325 283 3373 et
299 3317 455 3372 Defensores
472 3315 614 3372 musmo
630 3317 693 3385 (leg.
710 3316 828 3383 langob.
847 3316 891 3370 lib.
910 3319 936 3369 4.
954 3317 996 3370 tlt.
1013 3319 1059 3385 41,
1073 3318 1098 3381 ς.
1113 3316 1151 3384 bb
1185 3317 1237 3372 Per
1258 3333 1322 3387 qros
1348 3315 1370 3372 sl
1391 3316 1502 3384 Jusuue
1519 3318 1604 3372 miuus
1620 3319 1772 3386 ntisderet,

29 3411 88 3464 cerlis
107 3413 188 3467 biissis
210 3419 284 3468 certe
305 3410 461 3466 monestede
483 3396 630 3478 cornuulsit,
652 3409 745 3477 oribus
767 3408 802 3460 iili
827 3407 892 3462 bene
913 3409 1085 3465 consulerent.
1126 3407 1272 3464 (inmitibus
1293 3408 1402 3477 deniqne
1426 3406 1571 3464 nudandi
1592 3410 1708 3464 oidciem
1732 3409 1771 3463 in·

26 3500 100 3570 jessit,
115 3507 208 3572 quoties
224 3503 318 3571 uliquis
335 3501 499 3570 ”religiosum
514 3502 652 3556 foemineos
675 3500 818 3586 repuisset,
841 3507 888 3557 snt
907 3501 1096 3570 compe-ew,
1118 3499 1188 3569 guod
1205 3502 1235 3572 ‚si
1259 3503 1436 3570 negligerent,
1459 3503 1527 3560 ieter
1548 3503 1598 3558 elle
1618 3503 1769 3570 ’'dugelnrn

27 3591 56 3656 (rr
67 3597 217 3664 negistretus
233 3596 277 3650 eei
291 3591 428 3661 bonorem)
442 3594 599 3661 emitterent,
615 3600 643 3649 et
661 3593 764 3663 publicu
781 3592 938 3662 poeultentls
954 3593 1155 3647 mulcterentw’
1173 3594 1290 3662 (cepitui.
1309 3593 1435 3663 lugiienb.
1453 3612 1476 3649 c.
1496 3595 1538 3663 4).

77 3689 99 3740 4.
129 3689 217 3758 Porro,
235 3697 364 3744 oenoem
380 3687 560 3740 eootoritstern
577 3691 692 3748 secutus,
708 3686 814 3738 ebbstes
829 3685 1010 3753 episcoporum
1025 3683 1149 3740 ”musilio
1167 3693 1195 3739 et
1211 3684 1397 3742 edmuoitioni”
1412 3686 1523 3752 subjecit
1541 3685 1769 3754 (capitulum,

27 3776 80 3846 et),
94 3787 163 3850 etqre
170 3775 210 3836 bis
219 3775 428 3847 inrutigrndom
439 3779 577 3847 commisit,
585 3779 685 3848 qrotles
695 3777 801 3829 ebbetrs
809 3776 940 3845 qricgrsm
951 3775 1070 3830 derebus
1079 3777 1161 3846 ipsios
1173 3778 1307 3846 petiissent
1315 3779 1378 3846 (vid.
1389 3785 1509 3849 precept
1519 3779 1635 3849 imperet.
1645 3775 1678 3832 de
1687 3779 1768 3832 instit.

25 3867 185 3927 nesciero
203 3872 453 3926 nonestnmensl
470 3887 513 3941 ep.
529 3871 619 3928 lidos.
643 3869 660 3922 i.
680 3885 706 3922 o.
730 3885 756 3938 p.
774 3871 827 3920 65⁰
846 3861 932 3934 seqq.)
965 3866 1053 3922 Quum
1068 3876 1156 3923 eutem
1175 3872 1306 3939 proprioru
1322 3872 1482 3940 lnpemtoris
1499 3887 1557 3926 esse
1581 3877 1714 3938 censeret,
1739 3877 1769 3926 ut

25 3955 56 4014 iic
68 3964 99 4016 rel
111 3981 186 4020 secrre
203 3963 299 4031 modis,
316 3965 409 4031 oribus
426 3970 537 4033 poterut,
555 3963 675 4017 omnibns
692 3959 835 4014 studiosius
851 3959 907 4028 ipre
921 3958 1082 4026 enunieret,
1104 3959 1138 4014 de
1154 3962 1335 4030 episcoporum
1350 3963 1376 4015 in
1394 3964 1500 4016 sbbetes
1514 3962 1618 4030 loribus
1634 3955 1767 4017 dedicen-

24 4049 53 4106 d'u
67 4057 139 4110 ninus
154 4057 290 4123 sollicites,
308 4057 425 4126 pluribus
439 4061 493 4108 tem
511 4055 619 4110 ebbems
632 4069 706 4124 grem
725 4053 880 4106 monesterie
891 4051 995 4118 iuribus
1008 4067 1042 4106 ex
1060 4053 1184 4121 imperieli
1207 4069 1255 4108 sne
1278 4061 1408 4124 potestete
1430 4055 1569 4118 instruxit,
1595 4056 1690 4123 qulbus
1711 4057 1767 4122 ipss

22 4145 173 4216 erbmporun
191 4155 309 4218 potestus
326 4145 401 4202 relde
416 4147 652 4216 cumtriugebetur.
696 4145 754 4200 Qvo
779 4143 890 4212 pertinet
912 4151 1029 4198 current.
1047 4143 1168 4212 equiem.
1181 4161 1205 4198 e.
1220 4150 1289 4214 elo,
1313 4163 1336 4201 o.
1352 4150 1401 4200 tine
1424 4153 1472 4201 ”nt
1488 4147 1584 4215 olibes,
1611 4147 1767 4217 preposltus

23 4237 50 4288 rel
62 4237 170 4308 decenus,
186 4240 302 4311 quemvis
318 4240 463 4309 presbyteri
479 4255 530 4293 non
548 4239 611 4306 slot,
628 4237 767 4293 lectoribus
783 4234 987 4290 benedictionem
1001 4235 1143 4303 triuncem,
1167 4253 1216 4306 qve
1230 4239 1304 4292 reule
1321 4229 1468 4308 impetrem,
1484 4239 1612 4308 episcopi,
1631 4241 1766 4308 presbyte-

22 4341 52 4380 ros
59 4331 79 4382 iu
88 4333 191 4387 clenstre
200 4331 313 4398 missuri,
330 4332 415 4399 gretie
423 4331 568 4386 cosconius
577 4332 662 4386 minus
673 4328 832 4396 indigebunt.
866 4325 956 4382 Quum
967 4333 1054 4382 eutem
1066 4324 1193 4396 honines,
1204 4345 1259 4398 qves
1270 4337 1346 4386 entes
1357 4332 1384 4386 in
1396 4333 1551 4386 monsterio
1564 4332 1681 4386 conterre
1695 4331 1765 4384 soiitl

21 4419 100 4476 suerunt
113 4441 215 4480 monere
231 4430 261 4478 et
275 4423 429 4490 obletioncs,
445 4419 503 4477 bec
513 4421 670 4492 lempridenu
685 4419 719 4476 ed
734 4419 811 4476 sedes
825 4419 994 4490 episcop-les,
1019 4419 1045 4474 ln
1060 4419 1152 4488 qulbus
1166 4421 1290 4476 cenoulcs
1304 4422 1357 4475 rite
1374 4423 1493 4478 institute
1508 4430 1579 4492 eret,
1601 4421 1765 4492 potissimum

21 4526 171 4585 moerent,
187 4519 326 4573 ebbetibus
342 4513 417 4570 relde
434 4515 585 4583 probciebet
601 4511 687 4580 ejusd.
704 4519 822 4568 consent.
839 4527 896 4582 cup.
911 4513 962 4567 td:
987 4519 1034 4566 ”ot
1055 4513 1191 4568 ebbetibue
1215 4512 1291 4566 limet
1315 4510 1412 4569 bebere
1434 4515 1529 4578 celles,
1551 4515 1577 4570 in
1600 4515 1693 4583 nribus
1719 4521 1765 4572 eut

21 4605 115 4662 norsdrl
130 4611 180 4664 sint
195 4618 242 4664 eut
260 4609 403 4665 emulor.
438 4605 552 4662 omniuo
566 4621 600 4661 ert
615 4604 779 4675 iupersrorie
794 4621 842 4658 sue
857 4609 989 4674 potestrte
1006 4605 1115 4675 plurime
1133 4605 1289 4660 monesterie
1307 4606 1448 4674 privilegiis
1468 4607 1608 4675 instruxit,
1627 4609 1701 4677 qrele
1724 4615 1765 4662 est

19 4699 208 4757 ''enimetiouls
224 4707 384 4773 preceptum
400 4699 595 4770 inperstorluus
612 4697 646 4752 de
660 4699 815 4752 monesterlo
830 4699 971 4753 benonin
987 4699 1043 4768 (ep.
1057 4697 1149 4752 Belus.
1166 4698 1184 4752 Ι.
1199 4714 1223 4751 ο.
1239 4714 1266 4767 p.
1283 4701 1336 4751 otio
1349 4701 1428 4766 sep),
1443 4697 1477 4753 de
1494 4700 1648 4754 monestede
1659 4699 1687 4752 S.
1703 4700 1765 4754 Dio·

18 4790 67 4851 ursii
79 4791 146 4859 (ibid
162 4812 189 4864 p.
207 4796 365 4862 cre-eo),
388 4789 440 4846 ”de
461 4791 547 4846 cunels
564 4789 758 4846 mentone.
776 4792 861 4845 crucis
882 4791 1070 4856 Pictnrbnsls’2
1090 4789 1166 4858 (ibid.
1190 4806 1216 4859 p.
1238 4789 1397 4858 bno-³0),
1422 4791 1548 4860 ”epistole
1568 4790 1601 4845 ed
1623 4789 1763 4846 moueobos

18 4877 253 4955 innumerabili.
271 4904 299 4956 p.
314 4885 388 4953 m).
423 4883 540 4940 Qrornrn
559 4889 670 4952 qrentns
685 4895 809 4938 nummos
823 4883 910 4951 luerit,
927 4883 967 4938 rel
984 4879 1042 4937 brec
1058 4883 1136 4937 verbe
1150 4881 1276 4951 produntr
1301 4881 1408 4938 ”Heuto
1426 4883 1506 4936 ebbes
1522 4883 1653 4952 precibus,
1670 4883 1762 4951 qubns

18 4971 84 5042 oluit,
98 4979 204 5046 regerit,
223 4986 253 5033 ut
267 4985 385 5034 nostrum
400 4957 602 5042 oonllrrnstlpnis
617 4979 776 5044 preceptum
790 4973 859 5030 ldem
877 4975 1062 5031 monmterium
1080 4975 1230 5042 [dervense]
1245 4971 1342 5028 bebere
1356 4982 1510 5044 mutor,
1522 4975 1592 5030 slent
1610 4983 1761 5030 cernenn-

16 5067 111 5122 Μυῖα
126 5059 310 5128 morborum
323 5071 352 5125 ie
369 5087 453 5142 regno
467 5071 522 5122 lieo
541 5070 654 5140 propitio
670 5075 760 5122 neaerc
776 5067 873 5122 leuben
889 5067 1050 5122 mcomnss’
1070 5067 1174 5134 (Belus.
1195 5067 1212 5120 Ι.
1233 5083 1258 5122 ο.
1282 5085 1309 5136 p.
1333 5069 1410 5134 452),
1426 5067 1608 5124 vernantium
1625 5067 1658 5122 de
1674 5083 1761 5122 muue-

15 5157 81 5212 ⁸ltriis
93 5163 227 5232 regeiibns,
244 5162 579 5234 cepituierlis(ep.bs1un.
597 5163 614 5216 Ι.
631 5179 654 5216 ο.
673 5177 731 5230 peg.
747 5165 800 5214 biiii
816 5160 901 5228 seqq.)
921 5161 1019 5214 inserte
1040 5159 1124 5230 peleur
1148 5158 1255 5214 indicet.
1295 5160 1325 5214 ln
1347 5156 1398 5214 bec
1420 5159 1488 5213 eninr
1509 5159 1570 5214 xiv
1593 5166 1761 5215 recensentur

15 5255 152 5321 mrcsrnts,
167 5253 243 5326 ”pre
256 5256 324 5312 dour
340 5263 368 5310 et
384 5247 500 5311 militium
515 5255 600 5309 iecere
616 5252 738 5320 debmt”‚
758 5251 828 5316 xvi,
843 5254 917 5322 ”qve
934 5259 1034 5307 tentum
1054 5250 1122 5306 done
1139 5249 1201 5305 dere
1216 5249 1312 5305 debent
1327 5251 1383 5306 rino
1399 5252 1509 5306 miiitie”
1524 5260 1552 5306 et
1569 5251 1668 5315 xviii,
1686 5251 1761 5318 ”gre

15 5349 49 5392 iet
61 5341 121 5400 dous
137 5363 184 5402 nec
199 5349 316 5404 militiam
332 5348 394 5405 dere
411 5347 514 5415 debent,
531 5345 577 5402 sed
595 5346 663 5402 soles
680 5345 810 5401 cretiones
828 5361 875 5415 pro
892 5345 976 5400 selute
991 5343 1155 5414 tmperetoris
1169 5342 1207 5396 rel
1225 5343 1336 5398 liliorum
1356 5343 1413 5412 eins
1428 5351 1456 5399 et
1472 5345 1615 5401 etebilitete
1631 5343 1756 5414 impertit

382 5543 388 5586 l

1963 677 1972 728 l

1864 785 1901 868 g)
1921 785 2042 884 retione
2062 759 2222 862 cerenico-

2005 913 2083 960 rnrn.

1880 1031 1938 1088 Huc
1956 1035 2015 1090 ultre
2029 1041 2178 1095 monesticre
2196 1041 2242 1096 ed·

1846 1135 1981 1195 obsecre
2000 1149 2110 1211 ceptus,
2127 1143 2242 1202 Ludorl·

1846 1255 1893 1294 ens
1910 1241 2017 1312 melori,
2040 1261 2114 1314 qruur
2132 1248 2241 1306 Carolus

1846 1349 1928 1414 peter,
1948 1347 2036 1404 stndiu
2045 1352 2173 1407 monitor
2181 1355 2242 1408 vitm
2277 1421 2280 1430 γ

1845 1452 2006 1510 consulebat.
2045 1454 2098 1510 Hic
2110 1471 2187 1520 esur,
2205 1458 2240 1510 ei·

1845 1555 1906 1610 cunr
1931 1555 2012 1613 nune
2027 1559 2149 1614 tutuno
2165 1568 2239 1630 sne,
2351 1611 2354 1616 .

1844 1663 2037 1730 conpmusnu
2053 1665 2185 1734 turbetur,
2211 1673 2240 1719 et

1843 1759 2027 1835 Obrudegnugl
2061 1767 2160 1836 regulus
2192 1769 2238 1822 ob

1843 1853 1995 1938 effingebst.
2035 1869 2240 1926 Lndoricnseu·

1842 1977 1896 2026 tem
1906 1971 2081 2041 dqusgrnrdis
2092 1989 2117 2028 e.
2125 1978 2178 2029 816
2191 1991 2240 2030 no·

1842 2091 1899 2130 rum
1907 2077 2033 2144 regulum,
2047 2093 2099 2132 nou
2108 2076 2237 2146 pridemn

1842 2181 1932 2248 regule
1962 2179 2147 2251 Cbrcdogengi
2176 2182 2236 2245 pile-

1840 2298 1910 2354 nem,
1926 2283 1973 2340 sed
1992 2282 2042 2346 beo
2057 2287 2236 2355 copiosiorem,

1838 2387 1886 2456 (-
1898 2405 1975 2458 orpp.
1990 2389 2084 2444 CXLV
2100 2391 2235 2467 continen-
2288 2461 2292 2472 ‚

1839 2492 1956 2561 tem·-)
1980 2495 2111 2550 cenonlels
2134 2494 2235 2562 injungi

1838 2595 1923 2664 lussit.
1953 2597 2169 2666 Qreutlutegre
2179 2610 2232 2654 om·

1837 2701 1914 2756 uibus
1928 2701 2029 2773 imperil
2046 2705 2087 2758 sui
2102 2703 2233 2771 episcopis

1835 2803 2232 2878 imponeretur,ercbieplscopos

1837 2927 1884 2980 per
1903 2911 2002 2966 litteren
2024 2911 2176 2979 odmonuit,
2202 2922 2232 2966 nt

1835 3015 1942 3084 synodis
1951 3017 2098 3072 convocetis
2107 3016 2176 3072 illem
2188 3033 2232 3072 uo-

1835 3131 1891 3174 rneu
1908 3121 2078 3188 presentibus
2101 3121 2231 3191 episcopis

1834 3223 2014 3293 protegerent,
2023 3222 2153 3292 bbqveei
2168 3223 2230 3291 qvld

1817 3327 1972 3406 ‚omnine
1999 3343 2057 3382 esse
2079 3325 2227 3389 rideretur,

1834 3429 2010 3500 explicerent,
2032 3418 2061 3486 et
2076 3428 2228 3484 mesori·
2304 3415 2308 3428 ¹

1834 3529 2227 3602 indemutatae-rurens-

1793 3661 1795 3669 Α
1833 3638 1884 3693 lnn.
1900 3639 1917 3692 l.
1932 3655 1955 3694 e.
1972 3657 1999 3708 p.
2012 3639 2153 3704 bob-⁶⁰).
2182 3641 2228 3720 ,44-

1833 3758 1882 3812 qre
1896 3749 1926 3797 ut
1939 3739 1996 3812 bec
2011 3742 2063 3797 rite
2076 3741 2153 3796 citius
2168 3757 2226 3810 pro-

1833 3846 2225 3918 psguretnr,blenuiopoetoon-

1831 3951 1934 4016 stituit,
1950 3947 2226 4004 ctuiccesdclsesue

1822 4055 2013 4109 .cenouicorun
2037 4051 2156 4108 ieclendu
2180 4052 2225 4108 de·

1830 4157 1938 4210 mmr’
1954 4165 1999 4222 et,
2019 4159 2041 4212 si
2058 4159 2108 4212 elie
2125 4158 2225 4212 retlone

1830 4259 1886 4315 lleri
1904 4275 1955 4315 nun
1974 4269 2080 4331 posset,
2104 4261 2158 4318 ”de
2175 4280 2224 4317 sno

1830 4363 2223 4435 bsoo”'(Cspitnl.s.819,e.t).
2281 4355 2286 4365 Χ

1828 4467 1929 4524 Omitto
1945 4487 2002 4539 qrre
2019 4469 2053 4523 de
2070 4465 2119 4526 boo
2133 4473 2186 4525 vite
2196 4473 2222 4526 in

1827 4572 1891 4642 ipsis
1916 4575 2078 4629 monasteriis
2103 4576 2222 4634 institute

1827 4676 1906 4731 modo
1923 4676 2036 4736 diximus
2050 4679 2120 4748 (sub.
2136 4679 2168 4744 f.)
