5002 6366
2207 211 2262 294 23
2375 185 2381 194 .

155 466 233 552 ere
255 463 432 536 maumas
458 463 678 551 tradidimus,
714 465 927 556 prohibent,
962 465 1030 558 qvo
1062 466 1175 537 minus
1200 439 1408 550 credamus,
1446 455 1576 532 litteras
1607 461 1641 530 in
1667 461 1783 556 regnis
1806 460 2091 534 Occidentaiibus
2113 467 2260 535 multum

39 598 180 668 inruisse.
228 599 330 686 Qvod
355 609 470 669 tamen
492 608 527 667 et
551 598 730 670 Britannia
755 608 791 667 ct
810 600 981 692 Hispania
1007 599 1106 670 sedes
1134 612 1207 670 erat
1231 600 1431 670 litteratnrte
1456 600 1536 667 satis
1559 596 1786 684 admirande,
1825 593 1900 688 ejus
1935 589 2126 688 singulares
2149 569 2261 668 causas

38 741 123 800 erant
169 732 431 826 llisigothomm
455 754 556 824 reges
578 752 649 800 non
675 731 722 800 ita
752 733 857 826 pauci
886 732 1056 826 legibus⁶
1084 734 1256 824 populum
1290 755 1412 825 regere
1444 753 1545 820 qvam
1576 731 1678 801 armis
1710 731 1852 799 domare
1881 729 2093 816 maluemnt,
2114 755 2193 826 ¹qva
2223 756 2260 800 re
2291 787 2296 798 .

37 865 121 932 animi
139 863 314 937 hominurn
335 867 382 935 arl
406 865 503 959 pacis
525 863 639 934 studia
663 867 903 938 invitabantur.
940 865 1067 936 Clerici
1093 867 1215 958 igitur,
1235 891 1302 957 qva
1324 889 1457 937 summa
1477 869 1679 938 auctoritate
1700 865 1856 934 instructi
1875 875 1982 950 erant,
2009 888 2049 932 ea
2067 863 2111 932 ad
2128 865 2259 934 litteras

36 979 175 1066 colendas
199 999 248 1068 uti
273 1007 309 1066 et
333 1006 538 1090 potuerunt,
560 1010 612 1085 et,
635 1000 663 1067 si
691 999 774 1089 qvid
790 1023 831 1068 ea
849 1003 990 1074 ellicere
1007 1001 1152 1086 vellent,
1176 999 1379 1070 debuerunt.
1416 999 1640 1084 Accedebat,
1667 997 1761 1090 qvod
1774 997 2124 1089 visigothidevictoe
2144 1000 2258 1092 gentis

37 1131 180 1200 Rommar
202 1153 315 1200 mores
338 1142 374 1200 et
398 1131 513 1202 studia
539 1143 670 1202 mature
692 1131 860 1224 amplexi,
883 1128 1034 1202 innatam
1060 1155 1196 1203 morum
1222 1134 1437 1203 ferocitatem
1458 1133 1580 1200 litteris
1604 1132 1790 1200 studiosius
1813 1140 2096 1221 temperaverant.
2139 1133 2261 1223 Neqrc

38 1263 122 1332 curie
143 1262 309 1332 16666666
325 1261 475 1354 jugam,
506 1266 601 1356 qvod
634 1265 770 1334 nullum
796 1274 884 1352 erat,
922 1261 1081 1336 discendi
1111 1265 1329 1358 docendique
1355 1265 1551 1335 libertatem
1577 1267 1739 1336 coercuit
1791 1265 1911 1356 Angla
1924 1307 1943 1318 -
1956 1263 2110 1334 Saxones
2145 1274 2260 1334 autem

39 1397 91 1488 ipsi
109 1392 195 1464 sedis
220 1395 389 1466 Romane
420 1399 566 1491 imperio
592 1399 790 1488 debebant,
824 1399 918 1489 qvod
950 1399 1062 1468 doctis
1088 1401 1261 1492 magistris
1292 1401 1547 1469 instruebantur
1570 1398 1661 1490 (vid.
1687 1421 1770 1490 pag.
1799 1375 2001 1488 tlt-ll).
2051 1396 2184 1483 Iidem,
2222 1409 2262 1466 ut

36 1529 111 1619 agris
139 1527 295 1598 colendis
326 1553 463 1602 morum
489 1533 735 1602 immanitatem
761 1533 888 1602 sensim
918 1534 1111 1619 exuebant,
1144 1535 1191 1601 ita
1225 1534 1339 1623 aliqvo
1361 1531 1512 1626 legnmii
1540 1531 1703 1624 prasidio
1724 1531 1880 1622 praediti,
1896 1532 2034 1635 Llitteris
2061 1531 2262 1600 incumbere

32 1670 175 1752 poterant
211 1663 266 1732 Ex
290 1663 460 1736 Hibernia
480 1677 596 1738 antem
620 1690 692 1735 non
718 1668 832 1734 solum
852 1665 991 1758 pietatis
1016 1688 1219 1756 morumque
1239 1677 1473 1759 preceptores
1499 1665 1546 1736 ad
1572 1690 1630 1734 eos
1656 1663 1891 1755 trajiciebant,
1918 1665 1981 1733 sed
1994 1665 2033 1758 hi
2050 1665 2260 1758 disputatio-

32 1793 132 1878 nibus,
157 1815 235 1864 cnm
260 1797 428 1869 Romanis
450 1773 622 1892 magistris
648 1800 827 1887 institutis,
854 1801 1065 1870 audientium
1086 1800 1226 1892 ingenia
1246 1799 1344 1869 hand
1366 1801 1486 1869 leviter
1511 1801 1691 1868 acuebant.
1742 1797 1816 1866 Sed
1837 1819 1944 1888 quum
1965 1799 2090 1868 nullibi
2111 1800 2157 1869 de
2178 1823 2261 1893 gra-

31 1928 156 1996 tioribus
177 1930 280 2001 rebus
302 1911 384 2001 nlla
397 1943 487 2001 esset
507 1957 571 2024 per
595 1934 672 2004 hoec
698 1944 856 2025 tempora
881 1935 1135 2022 controversia,
1162 1957 1237 2025 qvae
1258 1934 1391 2001 animos
1418 1932 1514 2002 felici
1540 1955 1620 2002 cnm
1646 1953 1807 2002 successu
1833 1933 2058 2019 exercuisset,
2080 1933 2268 2025 Hispano-'

31 2083 87 2130 rum
106 2073 216 2136 antem
242 2065 435 2157 doctissimi
463 2069 585 2157 qviqvc
619 2069 682 2136 viri
710 2077 850 2159 patrum
877 2067 1053 2136 traditioni
1078 2069 1158 2160 plns
1189 2091 1290 2158 qvam
1324 2067 1449 2137 sobrie
1482 2064 1699 2134 meditationi
1725 2065 1948 2133 tribuendum
1974 2089 2048 2135 esse
2070 2077 2259 2151 censerent,

31 2217 119 2284 neqve
143 2197 300 2289 rigerent
325 2200 360 2267 in
387 2202 427 2269 iis
461 2199 548 2269 ideae
578 2202 700 2291 aliqum
724 2203 951 2293 gravissimae,
981 2204 1068 2292 'qvas
1094 2201 1226 2269 animos
1260 2201 1409 2268 sublime
1442 2197 1651 2289 rapuissent,
1690 2197 1752 2265 scd
1785 2199 1916 2268 inlinita
1947 2200 2026 2270 sitm
2059 2199 2259 2270 monasticae

30 2328 214 2428 admiratio„
236 2331 362 2402 Marias
385 2333 538 2427 Virginis
567 2335 741 2403 veneratio
764 2343 798 2403 et
829 2335 1039 2403 exsecrabile
1063 2331 1223 2403 Judaicm
1250 2335 1364 2426 gentis
1392 2333 1533 2414 odium3
1568 2329 1653 2420 qvid
1676 2333 1825 2419 mireris,
1859 2337 2061 2428 interpretes
2085 2355 2260 2403 sacrorum
2313 2377 2322 2394 «

29 2463 172 2534 librorum
206 2476 345 2559 patrum
381 2445 475 2535 dicta
514 2472 742 2559 excerpsisse,
780 2467 916 2536 nullum
952 2476 1067 2536 autem
1099 2478 1226 2561 preter
1253 2467 1390 2534 unionis
1425 2476 1622 2534 naturarum
1658 2465 1802 2554 Christi,
1831 2467 2104 2558 virginitatisque
2138 2466 2261 2538 Marias

31 2591 138 2688 dogma
160 2595 362 2694 diligentins
392 2567 574 2670 tractatum
600 2601 723 2686 fuisse,
758 2573 941 2672 innumeris
969 2600 1116 2692 denique
1145 2600 1292 2699 scriptis⁵
1306 2601 1362 2670 vei
1388 2598 1460 2678 lata
1494 2599 1745 2688 monachornm
1775 2600 1830 2669 vel
1855 2598 1976 2668 laudes
2002 2603 2078 2671 vitre
2103 2601 2260 2672 asceticae

30 2731 182 2802 memoriae
202 2731 346 2823 prodita
372 2733 499 2818 fnisse,
526 2755 566 2801 ea
590 2742 788 2824 postremo,
814 2757 889 2824 qve
912 2735 1030 2806 Jndaei
1051 2733 1086 2802 in
1110 2733 1259 2802 divinam
1286 2730 1490 2804 Christiana
1511 2733 1689 2826 religionis
1717 2733 1886 2826 originem
1913 2733 2074 2804 subtilius
2100 2734 2258 2827 disputa-

30 2875 141 2954 verant,
166 2865 322 2961 argutius
350 2889 453 2957 qvam
475 2867 586 2936 serius
613 2867 761 2942 refutata
787 2893 870 2976 esse.

827 3179 1190 3264 Scriptores
1236 3177 1435 3241 latini.

26 3355 41 3402 1.
51 3353 180 3428 iareim,
198 3359 346 3430 discipulos
362 3363 482 3432 Gregorii
498 3363 604 3432 Magni,
623 3325 748 3418 6666666
763 3366 880 3420 ecelesiae
894 3366 1023 3419 notarius:
1041 3366 1078 3418 ill
1098 3365 1156 3420 iibri
1171 3367 1383 3434 explanationum
1399 3369 1425 3419 in
1442 3365 1595 3420 obscuriora
1609 3365 1742 3432 utriusque
1752 3360 1921 3416 'Testamenti
1938 3359 2003 3418 loca.
2116 3371 2120 3379 ⁴

23 3423 159 3482 sturm
177 3430 364 3499 Hispalensis,
389 3433 455 3486 disc.
471 3435 592 3500 Gregorii
611 3433 664 3499 ss„
689 3437 728 3486 vir
746 3434 795 3485 ”in
815 3436 885 3486 omni
904 3435 1063 3488 locutionum
1079 3447 1178 3501 genere
1198 3436 1343 3500 formatos,
1371 3435 1563 3502 incomparabili
1579 3433 1725 3500 eloquentia
1740 3431 1865 3498 clarna'',
1878 3433 1922 3500 qvi
1939 3433 2129 3508 archiepiscopi
2141 3451 2256 3492 munere
2374 3457 2377 3463 ·

51 3498 192 3552 666-666
208 3502 342 3566 iungens,
363 3503 478 3555 conciliis
493 3519 516 3554 a.
533 3507 600 3570 610,
621 3491 689 3570 dis,
709 3507 762 3556 666
776 3509 900 3557 strenuus
915 3502 1060 3572 discipline
1075 3504 1258 3562 ecclesiasticae
1278 3510 1439 3557 restaurator
1456 3506 1586 3560 intererat.
1628 3503 1703 3574 Opus
1723 3501 1781 3567 ejus
1799 3502 2039 3579 gravinianum-est
2150 3522 2156 3542 ⁸

137 3607 161 3654 1.
177 3602 317 3674 originum
334 3619 356 3657 a.
374 3605 591 3674 etymologiarum
602 3605 667 3658 tttrl
676 3606 741 3672 XX,
757 3605 824 3673 qrod
842 3614 937 3674 praeter
950 3621 1041 3660 vocum
1060 3607 1249 3672 etymologias,
1264 3621 1309 3658 eas
1323 3612 1409 3660 tamen
1424 3623 1475 3661 nou
1497 3621 1599 3674 semper
1612 3617 1701 3673 seras,
1721 3607 1846 3659 terminos
1861 3622 1892 3658 ac
1906 3609 2040 3678 notiones,
2062 3611 2096 3666 ad
2109 3611 2254 3686 historiam,

176 3671 338 3726 rhetoricen
356 3678 382 3725 et
399 3675 600 3728 Grammaticem
635 3675 791 3742 ertinentes,
810 3675 902 3727 scdulo
918 3677 1049 3745 explicat,
1066 3691 1148 3742 neqve
1164 3691 1215 3727 non
1232 3675 1392 3727 dialecticem
1412 3685 1438 3731 et
1454 3675 1627 3744 philosophiae
1645 3675 1864 3728 introductionem
1880 3677 1968 3730 tradit.

136 3743 161 3792 6.
178 3741 285 3824 sarpta
298 3739 497 3802 historiculhssc
512 3751 586 3795 anntr
605 3693 759 3806 chronicon,
775 3741 939 3810 Gothorum,
955 3744 1138 3809 Vandaiorusn,
1157 3745 1300 3814 Sveyorom
1315 3739 1437 3808 historia,
1454 3745 1669 3816 descriptoribus
1683 3740 1881 3811 mclmiasticis,
1900 3741 1933 3800 sle
1948 3755 2008 3804 ortu
2019 3756 2047 3805 et
2056 3751 2130 3808 obitu
2140 3759 2253 3821 patrum.

138 3815 163 3862 3.
179 3816 286 3878 serapte
305 3811 422 3862 oscelius
440 3819 465 3862 et
484 3813 629 3882 liturgicus
646 3813 736 3879 regula
752 3811 947 3880 monachorum,
965 3814 998 3867 de
1014 3822 1151 3867 contemtu
1165 3812 1271 3880 muudi,
1290 3811 1323 3864 de
1340 3815 1526 3870 ecciesiasticis
1543 3814 1643 3870 ciliciis.

137 3881 164 3930 4.
214 3903 254 3917 -
304 3879 476 3947 dogmaticas
490 3883 677 3934 sententiarum
695 3883 755 3934 libri
771 3883 816 3934 iil.
1255 3883 1256 3891 ’

136 3951 161 3998 a.
211 3972 251 3986 -
278 3948 447 4015 -poiernieor
463 3956 552 4002 contra
569 3950 707 4018 nequitiam
722 3951 873 4002 Jndaeorum
875 3987 1031 4007 .......
1066 3952 1162 4018 loss.

22 4045 38 4090 ³=
53 4041 203 4114 ildefonsus,
223 4046 370 4101 Toletanus
386 4024 612 4122 archiepiscopus,
628 4052 719 4123 discip.
737 4051 847 4120 isidori,
864 4053 1026 4122 virginitatis
1042 4053 1132 4107 Mariae
1150 4065 1209 4106 acer
1230 4053 1352 4108 defensor
1368 4059 1394 4108 et
1413 4053 1521 4108 stodes:

138 4156 162 4206 1.
179 4150 213 4204 de
230 4150 383 4216 cognitione
399 4153 531 4222 baptismi.

136 4223 162 4272 u.
177 4221 212 4273 de
227 4220 401 4286 scriptoribus
418 4223 602 4276 ecclesiasticis
617 4223 711 4278 librum
727 4225 819 4279 isidori
836 4226 1003 4280 continuavit.

136 4295 161 4343 a.
178 4304 323 4344 sermones.
340 4327 375 4365 κ.
392 4327 399 4340 .
417 4327 425 4343 .
444 4326 452 4344 .
487 4292 584 4354 6661.

24 4389 43 4439 l.
57 4388 240 4460 llarculplrua,
261 4389 403 4445 monachus
420 4385 585 4448 Parisiehsisr

137 4461 322 4514 Formnlarnm
343 4461 575 4515 ecclesiasticarum
592 4463 648 4516 libr.
663 4463 698 4517 il.

19 4547 37 4594 ⁵·
52 4545 154 4621 Magius
171 4553 412 4615 Lemuriasccnsia,
428 4567 462 4618 ea
477 4555 608 4606 aurifabro
623 4555 740 4624 episcop.
757 4555 950 4622 Noviomensis,
968 4555 1156 4624 Flandrorum,
1178 4542 1312 4626 apo'stolos
1329 4563 1448 4611 rocstusr
1486 4557 1491 4572 '

138 4641 171 4697 de
187 4641 347 4697 rectitudine
363 4639 728 4701 catholicaconrermtionis.
1256 4654 1259 4660 '
1393 4647 1397 4663 '

19 4729 37 4776 l·
52 4727 212 4799 l'issodorna,
237 4735 306 4786 Cilix
322 4742 349 4790 et
373 4733 476 4801 quidem
494 4733 663 4802 Tharsensis,
690 4753 770 4789 annos
786 4741 821 4789 66
836 4745 911 4792 natos
928 4739 1013 4792 Romi
1030 4754 1046 4790 a
1064 4737 1192 4792 vitaliano
1208 4739 1377 4796 cantuarium
1399 4735 1610 4808 archiepiscopus
1631 4741 1740 4806 missus,
1757 4739 1806 4794 hoc
1823 4757 1928 4800 munere
1945 4761 1990 4814 per
2006 4762 2087 4804 66666
2103 4752 2136 4804 21
2154 4750 2246 4804 dextre

47 4800 204 4869 tangebatur.
247 4803 320 4857 ldem
335 4820 456 4872 magnam
465 4805 588 4858 librorum
597 4808 746 4860 Graecorum
758 4807 945 4878 latinorumque
954 4810 1056 4877 copiam
1077 4823 1166 4888 secupr
1178 4809 1278 4874 attulit,
1296 4815 1322 4862 et
1339 4807 1625 4876 delacio-Saxouibus
1641 4809 1804 4864 instituendis
1821 4807 1962 4896 admodum
1977 4819 2132 4872 merebatur.
2154 4819 2244 4881 litu.

136 4895 201 4949 liber
220 4894 423 4970 poenitentialia.
489 4897 492 4902 '

19 4977 36 5024 i·
50 4979 206 5052 tutelone,
221 4986 338 5052 maras,
354 4985 407 5038 Inre
422 4987 492 5054 regis
510 5003 605 5058 nepos,
623 5005 732 5058 magnus
750 5005 870 5044 asceseos
886 4987 1019 5043 laudatore

138 5090 161 5140 l.
178 5087 213 5143 sle
229 5087 307 5142 laude
322 5089 486 5156 virginitatis.

134 5160 162 5208 2.
179 5157 214 5211 de
233 5165 294 5210 octo
311 5159 392 5224 princi
412 5159 495 5210 aiibus
510 5160 587 5215 vitiis.
729 5172 733 5184 ·
764 5202 767 5210 .

137 5229 163 5278 6.
180 5226 283 5280 desita
300 5175 493 5279 monachorum.
697 5235 698 5238 ’
780 5265 787 5282 .

136 5295 163 5348 t.
180 5297 350 5362 aenigmatum
365 5311 454 5348 versus
472 5296 557 5364 mille,
572 5303 599 5350 et
615 5297 665 5350 alia
682 5299 802 5352 carmina.

16 5387 35 5436 Β·
48 5388 180 5465 Julianus,
199 5397 338 5458 Posterior
356 5399 436 5466 66166
450 5399 498 5452 sed
513 5415 565 5452 non
580 5408 652 5486 recte
669 5403 831 5468 nominatus,
849 5401 982 5470 Hispanus
1000 5407 1081 5479 stirpe
1096 5403 1206 5460 ludrica
1223 5405 1270 5460 sed
1290 5407 1439 5472 parentibus
1458 5401 1546 5472 chais,
1565 5407 1700 5466 Toletana
1716 5408 1786 5462 sedis
1801 5404 2027 5477 archiepiscopum

137 5503 161 5553 l.
180 5501 374 5568 Prognosticon
392 5503 473 5556 taturi
488 5502 579 5555 seculi.

136 5573 162 5620 u.
182 5569 217 5623 de
232 5569 329 5624 christl
345 5571 472 5638 adventu,
490 5588 511 5624 s.
530 5570 717 5625 demonstratio
733 5574 915 5628 seata'aetatls
931 5575 989 5628 libri
1005 5575 1058 5641 ΙΙΙ,
1075 5575 1199 5632 adversus
1217 5575 1335 5630 Judaos.

16 5661 35 5710 9·
49 5663 153 5724 ilaaios
168 5671 322 5726 Cresconius
339 5673 483 5744 Gors'ppua,
498 5689 540 5741 ep.
556 5673 635 5726 hiric.
652 5691 675 5729 c.
690 5692 713 5729 a.
730 5681 797 5730 tuos

137 5781 161 5830 l.
179 5775 318 5829 concordia
335 5791 470 5829 canonum.

135 5848 160 5894 2
177 5845 370 5910 brevissume:
387 5845 469 5911 tituli)
486 5857 621 5899 canonum.
