5002 6366
31 448 358 496 norum
438 430 1083 504 antistitum

549 626 582 702 b)
650 629 1091 691 caerulis
1158 634 1292 690 est

517 776 604 856 regia
637 783 669 838 et
703 779 903 860 imperatoria
936 779 1039 844 Caroli
1072 782 1117 844 Μ.
1152 785 1323 860 polest-ete·

96 901 181 958 Haud
197 903 336 956 defuerunt
352 903 419 958 inter
437 903 582 971 pontificios
598 908 752 974 scriptores,
778 907 819 973 qui
836 907 1034 976 contenderint,
1055 909 1200 962 antistitem
1216 909 1364 961 ΙΙοιιιιιιιιιι
1379 907 1466 976 Pipiui
1485 917 1511 964 et
1529 913 1613 967 Ceroli
1631 912 1699 969 done
1718 917 1810 970 ΙΙοιιιιι

26 983 49 1024 et
72 971 170 1024 usedim
195 973 275 1028 italice
303 975 445 1041 principem
466 975 564 1026 iactum
586 991 650 1028 esse.
686 977 757 1030 Ques
780 979 805 1030 in
829 978 880 1030 alio
901 979 965 1030 libre
989 978 1072 1032 insius
1088 979 1241 1032 refellemus.
1283 979 1334 1030 Hic
1349 979 1423 1031 nobis
1441 981 1552 1036 sulliciat
1567 982 1634 1037 banc
1649 993 1731 1042 totam
1746 1003 1809 1054 rem,
1873 1026 1880 1040 .

26 1057 54 1094 cu
69 1043 193 1094 lontibus
210 1043 261 1096 lide
277 1042 439 1110 dignissimis
454 1045 595 1112 cognitam,
613 1047 702 1113 paucis
722 1047 862 1100 absoluere.
1568 1077 1572 1084 ·

96 1139 121 1185 1.
160 1135 342 1203 Reperinntnr
357 1136 383 1186 in
398 1134 515 1201 epistolis
535 1135 657 1190 Hadriani
673 1154 724 1191 non
741 1155 822 1206 peuce
838 1137 917 1206 dicta,
933 1157 998 1208 eure,
1014 1141 1036 1196 ai
1054 1139 1088 1192 sd
1103 1140 1202 1194 litteras
1209 1146 1356 1206 sumentur,
1370 1135 1433 1194 huic
1441 1141 1515 1196 ciuile
1525 1141 1557 1198 de
1567 1143 1701 1210 tractibus,
1713 1145 1805 1198 liemae

27 1203 159 1325 subjpetis,
182 1205 319 1327 ⁵¹¹¹.ss.“‚⁵‚'¹¹¹}
338 1205 453 1260 tribuere
469 1203 604 1271 ridentum
624 1224 648 1261 u.
664 1225 701 1262 c:
723 1209 871 1276 ”prouincia
885 1219 1001 1277 nestre’',
1020 1219 1128 1264 ”omnes
1143 1216 1238 1264 nestum
1253 1217 1366 1277 partem,
1390 1219 1502 1264 ”uostrm
1526 1213 1642 1268 ciuitates
1661 1215 1808 1282 esperiae,

26 1283 83 1326 ’'nes
97 1291 125 1325 ra
147 1291 221 1326 serui
235 1291 260 1326 ιιι
295 1291 328 1328 e.

91 1369 118 1417 2.
159 1363 213 1418 Est
228 1381 329 1433 quoque
345 1364 528 1432 indubitatum,
547 1362 706 1418 Hadrianum
725 1365 840 1430 cumdem
858 1369 953 1437 saeplns
968 1369 1062 1436 egisse,
1078 1385 1135 1436 quas
1149 1368 1184 1422 ad
1199 1370 1299 1422 ciuilem
1317 1371 1496 1438 magistratum
1512 1371 1648 1442 pertinent,
1665 1389 1723 1429 ιιι
1735 1377 1803 1445 quod
1826 1373 1828 1377 ’

27 1442 181 1488 mercatores
200 1435 340 1488 veneticos
357 1438 473 1506 expulits
492 1434 676 1502 undequaque
693 1435 833 1489 ”ditionis”
850 1453 905 1490 aare
924 1441 1079 1492 mentionem
1094 1441 1164 1493 iacit.

92 1532 119 1580 ³.
159 1527 218 1580 Sed
234 1530 260 1582 in
276 1529 334 1582 eliis
349 1528 412 1582 locis
429 1527 496 1582 banc
513 1525 635 1580 ditionem
651 1542 701 1580 non
720 1529 805 1580 minus
823 1530 856 1583 ad
872 1530 993 1584 Carolurn
1010 1547 1085 1599 quam
1103 1531 1135 1584 sd
1151 1549 1179 1584 se
1195 1531 1288 1592 relecta
1305 1548 1331 1584 u.
1349 1549 1375 1586 c.
1389 1533 1434 1584 nbl
1452 1532 1608 1584 mentionem
1624 1533 1804 1604 iacitconsilii,

28 1596 86 1660 nied
104 1597 317 1661 Hildebrsudus,
337 1598 391 1662 dus
410 1599 571 1666 Spoletinus,
593 1613 652 1650 cum
670 1597 748 1650 sociis
766 1599 820 1652 suis
846 1609 931 1671 ”cuge
948 1618 996 1653 aes
1011 1609 1087 1672 ntpce
1101 1619 1147 1654 nee
1163 1616 1253 1670 gerere
1269 1617 1320 1654 non
1338 1601 1488 1669 differunt‘t,
1506 1603 1544 1654 uel
1561 1603 1603 1654 ubi
1620 1605 1804 1660 commemorat

28 1667 406 1806 plezslruuppspirpjieLErte'pramcule
422 1669 518 1736 infide
537 1665 617 1720 Baeti
632 1667 717 1734 Petri,
740 1675 765 1720 et
787 1675 881 1724 aoatrd
904 1677 980 1742 etpee
1000 1673 1169 1726 bacclisrrtioe
1191 1678 1282 1768 uestras
1301 1687 1316 1724 ι
1333 1679 1427 1726 cuncto
1443 1672 1539 1782 populo
1562 1671 1674 1739 [urbium
1695 1691 1803 1744 quarna-

92 1831 119 1880 4.
159 1829 229 1881 Hace
244 1829 281 1882 ita
300 1829 366 1882 inter
383 1845 412 1882 sc
427 1830 555 1882 conciliari
573 1836 712 1897 nequeunt,
730 1836 760 1883 ut
777 1837 931 1893 statuemus,
949 1831 1016 1896 jura
1031 1830 1178 1896 maiestatis
1194 1829 1227 1883 ad
1244 1830 1413 1896 Hadrianum,
1434 1830 1546 1900 patricii
1565 1839 1662 1900 eutem,
1679 1834 1696 1886 i.
1716 1850 1739 1888 e.
1758 1833 1803 1887 de·

24 1897 126 1950 senseris
146 1916 174 1950 s.
192 1899 348 1966 protectoris
363 1897 396 1950 ad
414 1899 534 1952 Carolum
553 1900 715 1968 pertinuisse.
751 1899 881 1966 Namque,
906 1907 935 1952 ut
951 1901 1000 1952 alia
1018 1908 1126 1963 taceam,
1146 1901 1291 1954 Hadrianus
1307 1902 1333 1954 in
1346 1904 1505 1969 ciuitatibus,
1520 1903 1641 1960 ’'seruitie
1657 1912 1723 1956 sue”
1741 1907 1803 1957 sub-

21 1969 99 2032 jectis,
118 1968 154 2020 nil
177 1967 250 2020 '‘siae
268 1967 395 2020 eeneilio”
412 1969 504 2021 Coreli
520 1971 605 2022 iacere
622 1969 734 2022 audebat
748 1969 802 2038 (ep.
818 1973 874 2035 bile
891 1969 924 2021 ed
940 1967 1010 2022 bunc
1027 1969 1093 2022 daos
1117 1972 1202 2024 Duces
1225 1987 1296 2036 snos,
1322 1978 1351 2024 ut
1375 1987 1479 2024 cansam
1503 1970 1628 2036 dicerent,
1654 1974 1724 2026 misit
1747 1975 1800 2044 (ep.

24 2039 73 2102 8³),
86 2055 151 2104 ques
174 2037 279 2090 eosdem
298 2037 362 2090 dicit
382 2055 398 2090 ι
413 2039 507 2091 Cereio
526 2036 625 2092 dudum
642 2041 825 2092 '’contlrmetos
840 2047 925 2102 esse’t,
943 2047 971 2091 ut
986 2047 1072 2092 essent
1088 2043 1186 2092 ”nostri
1204 2043 1332 2108 vestrique
1350 2041 1456 2094 tidelas”
1472 2041 1578 2105 (ibid.):
1607 2041 1692 2094 Caroli
1710 2053 1801 2109 ”rega

26 2109 67 2159 lem
84 2109 252 2176 potentiam‘’
269 2108 414 2160 obtestatus
431 2115 487 2176 est,
514 2116 544 2161 nt
567 2108 659 2162 decem
681 2108 808 2175 quendem
831 2117 895 2178 ”per
917 2125 991 2162 suam
1020 2110 1132 2175 regalem
1155 2113 1372 2178 praeceptionem‘·
1395 2110 1535 2179 expelleret
1555 2111 1609 2178 (ep.
1633 2115 1689 2178 Bi).
1731 2113 1799 2168 Quid

26 2179 118 2230 multa't
139 2177 293 2229 Hadrianus
310 2174 380 2229 haud
395 2179 474 2230 semei
491 2179 639 2243 allirmauit,
659 2195 687 2232 se
699 2179 773 2242 jure,
798 2195 854 2247 quse
871 2178 980 2230 Carolus
1001 2180 1132 2246 petricius
1152 2182 1267 2242 tenebat,
1292 2181 1361 2232 nulle
1377 2182 1477 2232 ratione
1494 2180 1595 2243 ledere,
1616 2181 1662 2234 sed
1681 2185 1799 2234 omnibus

26 2248 114 2298 uiribus
131 2247 203 2298 tueri
223 2247 286 2300 uelle
303 2250 358 2316 (ep.
372 2247 427 2310 71).
469 2248 545 2303 Quod
561 2249 583 2300 si
599 2257 686 2301 sutem
702 2245 759 2300 haec
771 2247 832 2314 jure
854 2249 879 2300 in
901 2250 956 2300 sele
978 2247 1127 2309 defensione
1147 2250 1218 2301 urbis
1242 2257 1270 2302 et
1293 2249 1447 2318 prediorum
1471 2251 1588 2302 ecclesius
1608 2251 1733 2304 Romnum
1749 2255 1799 2305 sita

27 2325 113 2382 essem,
134 2317 287 2368 lledrianns
305 2317 394 2384 prec'ul
413 2316 493 2370 dnbio
511 2335 541 2371 ea
556 2327 645 2370 sancte
660 2325 801 2384 seruasset,
823 2333 904 2385 neque
929 2318 1021 2384 ullam,
1043 2335 1075 2372 ne
1091 2319 1242 2372 levissimam
1264 2317 1384 2387 quidem,
1414 2317 1470 2372 lraec
1493 2319 1603 2372 tseesdi
1625 2323 1798 2392 suspicionem

28 2389 154 2440 nerbset.
195 2385 282 2452 ltaque
299 2403 379 2453 quum
395 2403 424 2440 se
438 2389 472 2438 ob
488 2385 545 2442 lucc
556 2389 617 2455 jure
634 2389 728 2440 uiolste
746 2389 883 2454 excusarit,
902 2389 1025 2454 sequitur,
1041 2385 1097 2440 laeso
1110 2388 1168 2457 ipse
1183 2388 1324 2454 maiestatis
1338 2388 1398 2454 iura
1412 2403 1464 2441 nea
1480 2405 1546 2442 esse.

96 2483 121 2530 5.
163 2475 214 2529 Est
232 2495 293 2530 uero
311 2479 460 2544 tenendum,
476 2480 605 2532 antistites
619 2480 744 2532 Romanae
759 2479 874 2532 ecclesie
893 2480 942 2531 sub
965 2480 1066 2531 intirmo
1088 2479 1238 2533 Grecorum
1262 2481 1370 2548 imperio
1392 2481 1473 2534 multa
1494 2497 1571 2548 egere
1595 2481 1685 2534 solitos
1708 2480 1797 2542 luisse,

29 2547 126 2614 quaed
143 2547 363 2616 mejestatisiura
379 2551 557 2616 pertinebant,
577 2565 601 2600 u.
621 2565 645 2602 c.
664 2549 732 2615 quod
754 2564 841 2601 mures
866 2548 957 2600 Romae
983 2551 1175 2615 restaurabant,
1197 2551 1350 2616 omninoque
1370 2551 1419 2603 sibi
1441 2551 1545 2619 suisque
1564 2550 1668 2604 tuendis
1693 2552 1797 2604 relictos

28 2619 118 2678 luisses
137 2617 310 2670 undenarios
328 2619 377 2686 ipsi
395 2621 587 2672 constituebant
602 2620 776 2684 magistratus.
816 2619 872 2670 Sala
891 2615 1011 2671 snerclris
1030 2625 1175 2687 temporam
1191 2620 1265 2672 Pauli
1285 2620 1338 2674 let
1353 2618 1478 2690 Stephani
1496 2621 1528 2685 ll,
1550 2637 1630 2686 quum
1648 2621 1731 2674 Grmci
1744 2622 1798 2672 im·

28 2689 150 2756 perstetis
170 2689 286 2756 potentia
304 2690 373 2742 nulle
388 2696 466 2750 esset,
485 2689 727 2756 praeelectionem
743 2704 789 2756 per
803 2695 930 2756 potentes,
946 2689 987 2756 qui
1002 2688 1116 2758 ipserum
1132 2696 1219 2758 pectes
1233 2692 1414 2758 merebeutur,
1424 2690 1590 2758 uiros,ciuilie
1603 2691 1682 2742 multe
1692 2706 1797 2742 munere

28 2759 239 2823 eumquebsutur.
278 2757 342 2812 iimo
358 2759 389 2812 iis
406 2757 531 2826 Pipiuus,
554 2774 586 2810 uc
603 2758 734 2810 uideretur
750 2759 847 2824 regiam
864 2757 889 2809 iu
909 2757 981 2811 ltalia
1000 2766 1155 2826 potestatem
1173 2760 1286 2826 ambire,
1309 2760 1406 2813 intecta
1426 2761 1535 2828 reliquit.
1576 2760 1684 2812 Careias
1708 2761 1796 2826 igitur,

27 2843 103 2892 quum
123 2828 185 2891 sibi,
212 2826 314 2880 deuicta
329 2834 408 2894 gente
424 2825 663 2894 Langobardorum,
681 2844 732 2880 ιιοιι
748 2834 819 2881 tante
834 2827 997 2881 simulatione
1012 2843 1079 2897 opus
1094 2845 1151 2882 esse
1168 2827 1291 2895 duceret,
1316 2845 1367 2882 nou
1388 2829 1490 2895 quidem
1509 2831 1656 2900 pontificem
1675 2829 1724 2881 illis
1740 2845 1795 2882 ιιιιι-

29 2899 130 2960 neribus
148 2897 274 2963 ciuilibus,
292 2913 348 2964 (ιιι
358 2895 482 2950 hactenus
491 2899 637 2964 exercebat,
655 2898 737 2964 cauit,
752 2896 799 2950 sed
815 2899 984 2965 magistratus
1001 2898 1081 2966 ipsius
1099 2905 1258 2952 sacramento
1274 2914 1324 2952 nen
1341 2900 1426 2952 minas
1441 2899 1489 2952 sibi
1504 2913 1579 2964 quam
1598 2901 1621 2951 ci
1640 2899 1795 2961 obstrinxit;

30 2981 110 3030 neque
128 2966 176 3032 ipsi
190 2968 314 3034 permisit,
333 2974 362 3020 ut
379 2969 523 3036 quicquam,
535 2985 566 3022 sc
584 2967 738 3033 inconsulto,
753 2975 850 3034 ageret.
886 2967 969 3020 Ceute
989 2974 1084 3034 Ιιιιιιιι,
1104 2968 1177 3022 nain
1193 2969 1276 3020 Graeci
1293 2969 1455 3036 imperatoris
1473 2968 1592 3020 inuidiam
1608 2969 1683 3022 nimis
1699 2969 1794 3021 lacida-

30 3042 79 3098 ret,
103 3037 181 3088 suliua
198 3038 296 3104 patricii
313 3053 407 3090 nomen
423 3038 538 3102 gerebat.
578 3037 661 3103 Cujrrs
676 3037 745 3090 uerbi
764 3037 836 3092 netio
854 3052 933 3103 quum
952 3038 1015 3090 satis
1031 3036 1162 3090 indefinite
1179 3045 1205 3090 et
1221 3039 1343 3104 ambigua
1358 3045 1436 3106 esset,
1460 3037 1616 3104 Hadrianus,
1643 3039 1793 3092 insolentius

30 3105 122 3170 passim
140 3106 238 3160 locutus
258 3113 284 3158 ut
300 3123 390 3174 agens,
410 3110 491 3174 plura,
508 3123 583 3173 quem
594 3105 701 3160 Carolus
719 3107 786 3160 l'erre
802 3107 896 3174 potuit,
916 3107 965 3158 sibi
981 3109 1123 3174 arrogarim
1141 3123 1217 3175 quare
1232 3104 1291 3175 bic,
1309 3124 1369 3162 eum
1389 3108 1499 3176 neglecti
1516 3109 1666 3178 patriciatus
1678 3113 1718 3160 sui
1734 3109 1794 3160 insi-

29 3176 134 3236 mulans,
154 3175 275 3232 normulla
290 3178 405 3230 ecclesiae
423 3177 451 3229 S.
473 3176 544 3228 Patri
556 3176 658 3246 predia
674 3177 729 3229 eliis
748 3175 854 3230 tradidit
870 3175 935 3242 (uid.
953 3180 1064 3230 column.
1082 3177 1119 3244 2).

99 3271 124 3320 t.
161 3267 241 3320 Netio
259 3268 329 3332 repis
344 3265 436 3320 borum
453 3275 598 3336 temporum
615 3267 712 3336 duplex
730 3269 797 3322 bella
817 3267 923 3332 pemndi
945 3267 1030 3332 etius
1054 3268 1157 3322 dicendi
1178 3283 1272 3323 munus
1289 3265 1532 3337 comprehendebat.
1569 3269 1679 3323 Carolus
1696 3277 1794 3336 eutem,

30 3343 55 3388 ut
71 3353 147 3406 supra
164 3339 252 3393 multis
268 3339 394 3407 esemplis
413 3340 584 3404 probavimus,
602 3339 679 3390 etiem
696 3355 796 3391 summe
810 3336 869 3403 jure
884 3339 951 3392 circa
966 3353 1038 3390 sacra
1054 3339 1103 3392 sibi
1119 3340 1273 3393 vindicabat.
1307 3340 1366 3394 Jsm
1382 3355 1442 3392 uere
1459 3341 1528 3394 omn
1544 3338 1624 3392 dubie
1645 3351 1725 3400 caret,
1743 3339 1792 3390 Ce-

29 3407 104 3459 tolum
122 3409 146 3460 ds
168 3409 257 3459 ilonea·
273 3410 296 3460 dr
311 3408 336 3459 in
361 3409 391 3459 iis
410 3409 536 3460 tractibus
553 3409 651 3474 ltaliss,
670 3424 734 3474 quos
749 3409 777 3460 S.
793 3408 873 3460 Patre
888 3407 1045 3475 conciuerat,
1065 3425 1110 3476 per
1127 3409 1223 3462 Missos
1241 3425 1303 3460 suos
1315 3410 1363 3474 jes
1380 3408 1497 3476 dixisse,
1517 3425 1598 3476 neque
1615 3407 1639 3460 id
1657 3409 1740 3460 solum
1760 3407 1792 3460 de

31 3477 128 3543 priuatis
148 3474 306 3538 bominibus,
322 3477 369 3529 sad
385 3477 418 3530 de
434 3478 628 3543 magistratibus
648 3479 786 3544 pontilicis,
810 3485 887 3542 atque
901 3475 966 3530 adeo
992 3476 1024 3530 de
1044 3477 1102 3546 ipso
1125 3479 1246 3546 pontifice
1263 3479 1352 3532 lseeee
1376 3477 1411 3530 ΙΙΙ
1433 3479 1467 3544 (a
1490 3479 1561 3544 itti).
1603 3477 1693 3544 Neque
1708 3480 1791 3530 uniaris

30 3555 121 3599 caram
145 3555 203 3612 est,
227 3547 349 3598 carolum
371 3545 530 3610 decreuisse,
551 3555 578 3600 et
598 3563 654 3613 oria
674 3547 731 3599 belli
752 3547 931 3616 expeditiones
951 3547 976 3598 ln
998 3544 1087 3600 hostes
1104 3548 1185 3602 ltaliae
1202 3549 1411 3616 susciperentur,
1432 3555 1459 3602 et
1473 3564 1522 3616 que
1537 3549 1636 3601 ratione
1652 3555 1792 3613 agerentur

29 3616 74 3684 (sp.
91 3617 147 3680 bi).
180 3615 252 3670 idem
271 3623 395 3683 praeterae
417 3617 548 3669 Hadriano
568 3619 717 3686 episcopum
736 3617 853 3684 aliquem,
874 3631 924 3668 neu
943 3617 992 3668 rite
1008 3618 1128 3684 electum,
1146 3617 1349 3672 consecrandum
1367 3618 1462 3670 obtulit
1475 3620 1529 3686 (ep.
1546 3619 1602 3685 tici),
1620 3625 1647 3670 et
1665 3619 1691 3668 in
1706 3633 1790 3670 sacer·

30 3685 96 3739 detes
114 3687 264 3750 Romanos,
283 3686 325 3752 qui
344 3687 415 3750 genti
431 3688 617 3740 Saracenorum
635 3687 760 3754 mancipia
778 3685 967 3750 venundarent,
984 3686 1238 3740 animaduertendum
1254 3704 1312 3740 esse
1327 3689 1427 3740 censuit
1442 3687 1495 3754 (ep.
1513 3687 1567 3752 65).
1611 3687 1651 3742 aa
1671 3687 1792 3742 Carnium

31 3753 129 3822 denique
148 3757 205 3823 ipse
225 3755 370 3808 Hadrianus
385 3757 536 3824 episcopum
552 3755 686 3823 quendam,
704 3757 745 3822 qui
763 3755 894 3824 adipsum
912 3755 1072 3823 confugeret,
1091 3757 1245 3810 mittendum
1261 3758 1359 3810 curauit
1375 3757 1430 3826 (cp.
1447 3757 1502 3824 bi).
1538 3761 1603 3815 lires
1620 3757 1706 3810 omnia
1727 3759 1790 3810 satis

30 3841 147 3894 superque
166 3826 286 3894 probent,
303 3825 426 3878 Gerulum
440 3841 540 3878 summe
558 3825 707 3890 maiestatis
719 3827 786 3891 jara
802 3826 954 3878 exercuisse.

94 3923 120 3969 ι.
156 3917 222 3970 Quae
237 3924 324 3969 eutem
341 3918 389 3969 sub
405 3917 536 3969 Hadriane
555 3919 639 3970 minus
654 3925 745 3986 aperte
758 3918 899 3969 constituta
913 3923 968 3970 erat
986 3919 1118 3983 regiminis
1133 3917 1218 3971 Caroli
1237 3917 1312 3984 ratio,
1329 3914 1385 3970 heac
1402 3918 1451 3970 sub
1469 3917 1557 3970 Leone
1572 3917 1609 3970 lli
1628 3916 1711 3986 palam
1729 3915 1792 3970 dei·

30 3985 76 4036 nita
89 3995 117 4039 et
137 3987 294 4056 proclamata
309 3994 359 4039 est.
396 3987 445 4040 llic
461 3988 538 4050 enirn,
557 3996 587 4039 ut
604 3989 721 4056 pontifex
739 3987 837 4040 electus
852 3994 915 4053 eret,
934 3989 1038 4040 ”stetim
1054 3988 1137 4040 claues
1155 3989 1322 4040 confessionis
1340 3986 1368 4038 S.
1390 3987 1462 4040 Petri
1480 4003 1511 4040 se
1529 3989 1649 4040 uexillum
1668 3987 1791 4040 idomenus

30 4055 107 4108 urbis.
121 4057 246 4122 ...Regi
264 4058 362 4121 misit”,
379 4082 413 4096 -
428 4058 495 4125 quod
512 4056 623 4124 quidem,
641 4058 663 4109 si
678 4055 738 4123 quid
753 4056 832 4122 eliud,
854 4055 1027 4109 indubitatum
1051 4058 1219 4122 subjectionis
1243 4057 1427 4109 documentum
1451 4063 1505 4124 est,
1521 4083 1556 4095 -
1573 4056 1741 4122 ”rogavitque
1762 4065 1791 4108 nt

29 4124 129 4190 aliquem
146 4126 179 4178 de
196 4125 251 4179 suis
267 4125 440 4192 optimatibus
457 4129 567 4180 Romam
586 4129 708 4193 mitteret,
723 4127 764 4193 qui
781 4127 905 4195 populum
924 4127 1070 4180 Romanum
1085 4129 1121 4181 ad
1138 4144 1214 4180 suum
1234 4127 1278 4192 (ur
1299 4126 1402 4192 Gerus)
1413 4127 1497 4192 fidem
1515 4133 1592 4196 atquc
1608 4125 1789 4191 subjectionem

82 4203 250 4249 sacramanta
266 4195 441 4260 firmaret’'¹.
478 4197 546 4249 Hinc
564 4196 672 4250 Carolus
690 4196 866 4263 engilbertum
885 4197 993 4248 Romam
1014 4197 1099 4264 misit,
1118 4197 1160 4263 qut
1184 4196 1298 4249 laeenam
1323 4194 1478 4262 ”diligenter
1500 4196 1652 4249 admoneret
1669 4194 1702 4248 dc
1720 4195 1788 4248 omni

27 4211 158 4319 {gerstete
173 4266 233 4318 utta
247 4281 302 4318 suaa
316 4265 357 4331 (or
377 4264 491 4330 leonis),
510 4274 537 4320 et
553 4269 681 4335 praecipue
698 4266 732 4320 da
746 4267 923 4320 observatione
939 4275 1092 4333 canonum”,
1111 4265 1152 4319 cui
1169 4268 1281 4328 ”omnie,
1297 4266 1335 4318 eit
1348 4265 1457 4318 Carolus
1473 4266 1512 4328 (iu
1527 4281 1568 4334 ep.
1585 4264 1627 4320 ad.
1638 4265 1718 4317 isson.
1732 4263 1787 4330 ΙΙΙ),

30 4333 188 4399 injunximus,
207 4350 263 4400 quus
279 4337 318 4388 uel
336 4335 411 4388 nobis
425 4333 576 4390 eilnatnrie
590 4336 629 4389 uel
645 4337 716 4390 uobis
733 4335 882 4390 usuraria
897 4333 1060 4402 videbantur,
1085 4343 1113 4389 ut
1129 4351 1162 4388 aa
1183 4335 1328 4388 conlatione
1346 4342 1435 4387 mutue
1451 4335 1595 4402 conferatis,
1615 4335 1652 4388 rei
1671 4336 1788 4402 quicquid

30 4405 56 4455 sd
71 4407 252 4457 exaltationem
269 4412 365 4458 sanctie
383 4403 430 4458 Dei
446 4405 571 4458 Ecclesiae
588 4407 627 4458 uei
641 4405 674 4458 ed
691 4406 857 4459 stabilitatem
876 4401 981 4458 honoris
997 4407 1091 4470 uestri,
1114 4405 1153 4458 uel
1165 4404 1326 4472 patriciatus
1345 4403 1431 4456 nestri
1442 4405 1599 4470 firmitatem
1617 4405 1787 4458 uenenarium

30 4473 217 4539 intelligeretis”
235 4473 339 4540 (lialua.
356 4473 376 4538 l,
395 4490 419 4541 p.
433 4475 507 4542 271).
542 4476 592 4529 His
609 4477 688 4540 igitur
703 4475 811 4529 Carolus
827 4481 946 4530 accurate
961 4474 1096 4542 distinguit
1113 4475 1180 4526 inter
1195 4475 1309 4527 ecclesius
1325 4473 1372 4526 Dei
1388 4475 1581 4541 exaltationem,
1600 4471 1704 4526 honoris
1720 4473 1788 4525 Leo-

30 4543 63 4596 nis
78 4544 269 4609 defensionem,
288 4551 316 4598 et
330 4545 371 4596 sui
391 4545 541 4609 patriciatus
556 4544 762 4598 vindicationem.
794 4544 882 4612 ltaque
900 4542 957 4598 hacc
972 4545 1025 4598 tria
1042 4551 1117 4605 sente
1139 4559 1220 4610 acque
1238 4543 1297 4596 ideo
1310 4543 1371 4610 jure
1389 4543 1537 4610 patriciatus
1559 4545 1583 4596 in
1600 4544 1655 4598 sele
1673 4543 1787 4596 ecclesiae

30 4613 63 4684 rel
79 4615 209 4681 pontilicis
223 4613 334 4682 nunant
353 4611 502 4668 defensione
518 4615 569 4668 sita
585 4621 665 4668 erent.
706 4615 765 4668 Hoc
781 4614 851 4668 idem
867 4615 975 4668 Carolus
990 4616 1134 4667 accuratius
1152 4615 1230 4666 etiem
1247 4613 1352 4680 indicat,
1370 4613 1413 4666 ubi
1432 4629 1462 4666 sa
1475 4612 1655 4679 ”defensorem
1670 4613 1786 4666 ecclesiae

29 4681 164 4734 Romanue”
183 4685 216 4736 ob
235 4700 290 4738 eam
307 4699 411 4736 causam
427 4684 552 4752 appellet,
580 4682 648 4753 qued
669 4699 745 4736 suum
766 4685 814 4751 sit,
840 4691 971 4740 ”sanctem
988 4685 1080 4754 ubique
1097 4681 1194 4736 Christi
1210 4684 1344 4735 ecclesiam
1362 4685 1395 4734 sb
1411 4683 1515 4735 incursu
1534 4698 1691 4750 paganorum
1708 4689 1735 4734 et
1754 4683 1785 4733 ab

30 4751 162 4805 infidelium
186 4753 362 4805 devastatione
378 4753 455 4804 armis
471 4751 634 4807 deleadere’l.
668 4754 706 4804 Ac
726 4751 941 4821 quemadmodum
964 4753 1078 4806 Leonam
1102 4754 1190 4821 ”pium
1210 4759 1309 4821 patrem
1327 4767 1402 4804 suum
1421 4767 1452 4804 sc
1470 4753 1680 4806 intercessorem*
1696 4753 1786 4820 appel·

28 4820 67 4882 lat,
85 4824 129 4886 ita,
148 4823 234 4874 missis
249 4823 297 4876 sibi
314 4823 430 4875 claribus
445 4823 494 4875 illis
510 4831 537 4878 et
553 4823 647 4876 uexillo
663 4823 742 4890 urbis,
769 4823 872 4876 disertis
894 4823 977 4878 uerbis
996 4825 1126 4890 protessus
1142 4830 1199 4876 est:
1224 4821 1323 4888 ”geuisi
1340 4837 1430 4875 snmus
1447 4818 1599 4874 humilitatis
1617 4830 1709 4876 uestras
1727 4823 1786 4876 eis·

29 4889 140 4945 dsstie''.
174 4892 263 4968 ltaque
278 4909 331 4944 nen
347 4892 435 4944 asiam
453 4891 507 4945 iaso
526 4911 602 4961 puers
617 4893 728 4946 Carolus
741 4893 834 4962 pelam
852 4893 1010 4962 indicarunt,
1027 4912 1124 4965 ugrum
1139 4893 1284 4948 ammon
1300 4891 1329 4942 in
1344 4891 1436 4944 Coreli
1451 4891 1550 4970 ditione
1567 4907 1632 4944 erec.

96 4982 270 5038 Quadriennio
289 4989 349 5054 pest
367 4984 425 5046 (die
441 4983 515 5036 XXV
530 4999 611 5038 meus.
629 4983 762 5038 Decembr.
781 5001 803 5038 a.
819 4984 884 5050 800)
899 4984 966 5038 idem
982 4985 1037 5038 Leo
1055 4984 1140 5040 Cereti
1158 4983 1236 5049 cepiti
1258 4981 1418 5050 imperialem
1440 4997 1559 5036 menam
1574 4982 1712 5052 imposuits
1737 5000 1787 5051 quo

30 5049 102 5118 laeto,
118 5062 150 5106 ”a
166 5063 258 5106 coacte
276 5055 452 5107 Romanarum
465 5055 562 5122 popule
578 5054 745 5107 acclamatum
763 5051 948 5109 est='”Cemle
964 5057 1084 5121 ,lagusto
1101 5073 1116 5109 s
1133 5054 1189 5106 Deo
1207 5059 1338 5116 coroneto,
1356 5066 1450 5118 magno
1466 5058 1493 5104 ct
1509 5052 1616 5124 peciilco
1632 5053 1788 5122 imperatori

29 5119 204 5188 Remorum,
220 5125 272 5176 vite
289 5131 317 5176 et
331 5125 468 5176 uictorial”
484 5123 577 5190 (annal.
595 5123 732 5178 Loiselien.
750 5124 792 5178 sd.
809 5141 868 5178 sun.
883 5122 954 5192 801).
991 5125 1109 5195 Populus
1128 5123 1214 5196 igiter
1236 5136 1288 5174 nou
1311 5121 1397 5175 minus
1420 5137 1494 5188 quem
1518 5121 1626 5176 antistes
1653 5123 1788 5178 liemarum

30 5189 118 5246 Gmle
135 5193 283 5258 mejestatis
293 5195 359 5259 inre
377 5193 517 5246 solenmter
533 5193 683 5247 vindicarit.

96 5283 154 5352 lpse
177 5299 237 5340 uere
259 5285 371 5338 Cercina
393 5285 419 5336 in
443 5286 520 5338 rebus
545 5291 598 5336 tem
623 5285 759 5338 leuioribus
781 5299 857 5350 quem
876 5283 1037 5350 grauioribus
1055 5289 1116 5353 pest
1134 5281 1162 5337 id
1181 5291 1285 5352 tempus
1302 5283 1484 5353 impeterem
1501 5297 1530 5336 se
1548 5283 1670 5351 gustat.
1705 5281 1786 5336 Nam-

29 5365 71 5414 ιιι
85 5356 116 5406 sb
134 5371 158 5408 ι.
172 5359 226 5406 80⁰
243 5355 344 5421 legibus
360 5361 389 5407 et
405 5353 497 5408 edictis
512 5355 566 5408 suis
580 5354 613 5407 ad
630 5370 726 5408 merem
743 5355 892 5408 Graecorum
909 5355 1092 5422 imperatorum
1114 5352 1183 5408 diem
1200 5371 1233 5408 ex
1245 5353 1497 5413 ”indictionibua”⁸,
1514 5368 1577 5418 quas
1595 5351 1723 5412 dicebant,
1740 5352 1787 5405 ad-

29 5423 132 5476 scribere
148 5423 286 5485 solebst03
305 5426 330 5476 in
346 5431 502 5476 testamento
517 5440 580 5491 sno,
604 5425 647 5476 nbi
668 5427 701 5476 ιι
728 5425 885 5492 metropoles
905 5423 978 5490 regni
999 5425 1039 5476 sul
1060 5434 1193 5492 recesset,
1215 5423 1325 5492 primum
1342 5423 1427 5476 losum
1442 5421 1533 5474 Romae
1549 5427 1576 5474 et
1591 5421 1720 5476 Rauennae
1738 5423 1783 5472 tri-

30 5487 126 5559 bsit¹⁰,
140 5501 255 5614 et1”rpos
270 5502 371 5615 raptum
390 5494 506 5560 publicas
522 5493 569 5546 sed
585 5495 662 5547 etlam
677 5495 864 5548 ecclesiastices
881 5501 908 5548 et
922 5493 1035 5562 priuatas
1058 5509 1100 5546 res
1120 5494 1246 5550 Βιιιιιιι
1266 5493 1340 5548 eriis
1359 5499 1387 5545 et
1404 5491 1550 5560 Aposteiiei
1566 5491 1607 5554 (er
1626 5491 1720 5543 Leonis
1738 5487 1787 5555 ΙΙΙ)

32 5561 152 5631 totiusque
183 5563 294 5615 laisum
314 5564 408 5616 insuit*
419 5564 459 5615 ¹¹.
608 5585 612 5594 ’

93 5652 228 5707 Postremo
246 5651 421 5720 Eginbardus,
436 5653 494 5738 uitia
510 5652 595 5738 Caspii
610 5655 730 5724 scriptor,
748 5655 881 5709 interulis
898 5651 954 5706 irasc
968 5649 1064 5738 luebatr
1088 5629 1144 5736 opp.
1165 5659 1192 5722 s,
1215 5655 1291 5708 ”nnis
1308 5650 1389 5718 hujus
1404 5650 1464 5704 belli
1481 5651 1531 5706 init
1547 5651 1655 5704 subacta
1673 5647 1787 5732 ltelie’jr

27 5723 672 5862 &piblfibpuinipsuepioerppllitpdinerpoppppeitrpp'ge'reli
687 5733 828 5795 recenset,.
841 5762 864 5782 ..
875 5763 899 5781 ..
916 5722 1027 5778 ”derude
1044 5723 1151 5777 ltnissss
1166 5732 1249 5780 totoue
1265 5740 1322 5792 qum
1336 5723 1369 5777 sb
1386 5723 1507 5788 Auguste
1523 5720 1645 5788 praeteris
1663 5733 1745 5784 usque
1759 5733 1786 5771 ιι

1637 5955 1655 6000 a

1892 647 1924 724 c)
1953 646 2155 713 liberate
2184 665 2255 720 est

1933 799 2043 862 Gracc
2069 804 2210 886 imperio.

1908 926 2029 995 Sequitur
2044 928 2095 985 boc
2110 951 2144 988 es
2159 937 2199 1004 iis,
2215 955 2271 1006 quse

1868 1041 1923 1092 pam
1941 1032 2108 1099 tradidimus3
2125 1055 2180 1105 qcrc
2190 1041 2270 1109 igitur

1872 1147 1922 1184 non
1949 1151 2014 1204 opus
2042 1146 2082 1192 est
2113 1151 2268 1211 repetamus.

1870 1235 1946 1290 Quod
1966 1255 2026 1294 uero
2049 1243 2083 1296 sd
2102 1247 2195 1313 Ιιιιιιι,
2221 1267 2268 1319 per

1869 1339 1984 1395 Leonam
1997 1345 2103 1415 iactam,
2123 1356 2267 1408 coronatio-

1870 1459 1928 1498 nem
1946 1445 2032 1501 Garoll
2052 1451 2140 1520 Magni
2163 1458 2266 1521 attinet,

1867 1565 1916 1616 qua
1931 1565 2031 1604 summa
2041 1556 2192 1622 ¹mejestatis
2207 1561 2267 1627 jura

1867 1651 1959 1706 Graeco
1980 1655 2134 1725 imperatori
2156 1666 2266 1720 solenni·

1867 1762 1907 1808 ter
1921 1759 2054 1814 subtracta
2068 1775 2138 1834 sunt,
2153 1767 2266 1824 dubitari

1865 1865 1962 1927 potest,
1977 1870 2066 1919 utrum
2083 1863 2134 1924 hoe
2147 1873 2228 1928 inscio
2238 1887 2265 1931 et

1865 1963 1943 2018 inuito
1966 1965 2060 2020 carolo
2086 1972 2201 2044 blegne,
2231 1997 2263 2034 an

1863 2067 1943 2120 inscio
1964 2068 2066 2136 quidem
2091 2089 2122 2128 ce
2146 2081 2194 2136 sed
2220 2100 2262 2137 ue-

1862 2169 1931 2223 iente
1949 2172 2045 2226 iactum
2061 2177 2114 2241 ult,
2130 2173 2172 2235 *an
2191 2185 2263 2240 deni-

1862 2287 1911 2339 que
1924 2291 1957 2326 ex
1972 2278 2026 2329 sola
2043 2280 2180 2346 prudentia
2195 2289 2262 2345 Leo·

1862 2378 1901 2429 nis
1929 2385 2072 2447 proiectum
2097 2389 2181 2444 sit¹³.
2221 2396 2261 2452 De

1861 2480 1959 2535 Graecis
1995 2492 2082 2539 autern
2120 2497 2259 2554 tenendum

1860 2593 1909 2652 est,
1924 2592 1976 2639 tam
1993 2588 2172 2656 imperatorem
2188 2601 2258 2656 (irm-

1859 2703 1919 2740 eum
1950 2707 2025 2757 quam
2058 2697 2127 2751 uires
2154 2701 2259 2759 Graecos

1859 2791 1929 2845 istud
1957 2795 2091 2865 imperium
2121 2803 2170 2858 albi
2196 2810 2257 2861 sub·
2329 2817 2334 2828 '

1858 2902 1970 2951 tractura
1985 2907 2012 2954 et
2027 2901 2120 2959 Cereio
2136 2907 2174 2961 Μ.
2188 2927 2257 2968 coru-

1858 3001 1985 3068 mlssnm,
2010 3005 2115 3074 indigne
2157 3013 2276 3070 tuilsse*

1857 3103 1925 3157 ilinc
1938 3105 2100 3176 Nicephorus
2111 3113 2175 3184 lmp.
2185 3107 2268 3172 haud*

1857 3223 1947 3275 pessus
1958 3219 1997 3261 est
2004 3213 2174 3278 patriarcham
2186 3223 2254 3278 Con·
2346 3267 2351 3274 .

1854 3318 1933 3363 stant.
1949 3329 1995 3379 pro
2010 3317 2114 3384 antique
2130 3337 2252 3381 morecc-

1854 3411 1988 3468 clesiarum
2006 3418 2104 3474 litteras
2115 3423 2147 3477 ad
2157 3389 2253 3480 moma-

1854 3531 1914 3568 nnm
1926 3521 2095 3584 patriarcbem
2106 3529 2251 3589 mittere¹⁸.

1854 3617 1942 3673 Quum
1961 3634 2048 3680 antem
2073 3627 2251 3704 Nicephorius,

1855 3723 2008 3790 patriarcba,
2019 3729 2069 3784 boc
2078 3735 2126 3787 snb
2137 3737 2251 3797 ¹iiicbae·

1855 3825 1878 3878 le
1889 3827 1907 3894 l,
1926 3833 1966 3896 qui
1984 3835 2017 3885 ob
2034 3838 2146 3892 rationes
2164 3845 2251 3910 politi·

1854 3945 1898 3982 cas
1916 3939 1969 3986 tam
1995 3937 2090 3993 Leonis
2112 3943 2150 3996 ΙΙΙ
2174 3963 2248 4012 quens
2278 4005 2285 4015 ,

1853 4031 1938 4126 (ΙιιιιΙΙ
1948 4036 1986 4090 ld.
2002 4044 2110 4106 gratiam
2124 4048 2188 4102 lnirc
2198 4053 2250 4105 rel·

1854 4135 1889 4187 let
1902 4139 1949 4204 Η,
1967 4145 2100 4200 iecerct¹⁰
2113 4189 2122 4217 ,
2137 4151 2247 4218 priscam

1851 4238 1920 4293 sedis
1946 4260 2000 4298 sure
2027 4248 2179 4317 dignitatem
2213 4259 2248 4311 ita

1851 4345 1974 4419 defendit,
1992 4363 2058 4408 ntae
2070 4355 2188 4413 Romano
2204 4379 2248 4416 an-

1849 4453 1932 4506 tistite
1958 4459 2028 4511 nullo
2058 4460 2137 4516 mode
2163 4466 2247 4520 inieri-

1850 4571 1920 4610 erem
1944 4575 2002 4614 esse
2026 4565 2194 4621 contenderet
2208 4571 2243 4620 ¹².

1849 4660 1964 4728 Denique
1975 4662 2131 4724 Theodorus
2140 4669 2245 4724 Studita

1849 4765 2021 4821 acerbissimis
2036 4773 2118 4827 uerbis
2133 4773 2158 4824 in
2178 4773 2243 4826 Leo·

1849 4885 1909 4922 uem
1925 4870 2046 4925 utebatur
2056 4875 2095 4925 ¹⁸.
