4986 6384
2198 223 2252 304 93

34 467 171 565 posset2.
235 469 353 560 ltaque
391 467 492 537 valde
529 465 732 536 admiranda
760 477 811 536 est
837 489 877 535 en
903 466 1109 578 pontificum
1138 461 1244 556 hujus
1275 467 1336 536 evi
1372 463 1569 556 prudentia,
1601 466 1694 560 qvod
1726 465 1890 558 presules
1926 472 2095 560 qvosdam
2119 475 2251 548 Trans-

34 607 150 696 alpinos
177 603 373 696 postestatis
401 599 570 693 augendo
601 623 663 692 epe
697 601 733 668 in
765 623 842 672 suas
868 613 982 691 partes
1018 602 1154 675 trabere
1191 600 1413 672 conabantur.
1469 599 1525 668 'Bt
1556 622 1671 694 opere
1691 603 1839 694 pretium
1863 614 1917 673 est
1939 607 2073 695 videre,
2107 613 2251 686 eosdem

32 741 208 832 pontifices,
244 748 402 827 unqvam
440 736 470 804 si
506 737 691 828 presagire
729 745 888 826 possent,
921 735 992 806 hoc
1027 737 1142 808 minus
1171 736 1292 806 dextre
1324 757 1562 806 successurum
1592 758 1685 821 esse,
1719 759 1786 826 qvo
1822 749 1980 833 tempore
2007 743 2249 818 Pseudo-lei·
2280 739 2292 763 ‘

33 877 118 942 dorus
144 872 365 978 autocratiam
390 870 430 938 iis
456 870 621 962 parebat,
655 869 776 940 studiis
807 872 1052 963 episcoporum
1077 873 1186 965 regali
1212 895 1250 942 se
1274 861 1438 963 potentine
1464 869 1681 940 subducendi
1711 871 1758 938 ita
1791 872 2003 944 lenocinatos
2030 900 2118 965 esse,
2155 892 2194 950 nt
2215 884 2249 951 in
2307 872 2314 886 ’

32 1009 118 1100 hujus
145 1009 261 1077 locum
284 1029 354 1075 sure
379 1005 471 1074 seriis
497 1006 719 1074 autocratiam
747 1007 953 1075 substituere
974 1007 1187 1078 molirentur.

31 1279 96 1320 rnre
127 1261 401 1321 autocratie
436 1255 627 1339 egregie
659 1255 974 1318 consulebant.

31 1449 113 1500 catium
131 1447 209 1501 istam
224 1439 380 1516 panacen
398 1452 503 1516 possets
522 1445 608 1512 itaque
625 1441 677 1496 tide
692 1450 738 1496 ant
759 1443 846 1512 potius
865 1441 972 1512 pertidia
987 1443 1026 1497 vel
1044 1440 1180 1498 Benedicti
1201 1445 1276 1498 istius
1296 1446 1336 1498 vei
1354 1441 1469 1498 Autcarii
1481 1442 1520 1509 ¹¹,
1538 1439 1700 1508 Mogontiaco
1724 1442 1794 1496 sedis
1809 1442 2008 1517 archiepiscopi,
2023 1463 2098 1502 ιιιιιιι
2115 1449 2248 1506 tuisse.-

33 1540 82 1594 iiric
99 1536 238 1609 hypothesi
254 1541 277 1592 si
295 1539 352 1608 qvis
369 1537 489 1605 objiciat,
519 1535 661 1589 decretales
681 1535 981 1602 Pseudo-isidorianas,
1007 1521 1064 1603 que
1081 1537 1303 1605 metropolitarum
1323 1537 1504 1590 anctoritatem
1522 1534 1670 1602 frangerent
1687 1539 1715 1586 et
1735 1549 1809 1603 poene
1830 1537 1964 1607 tollerent,
1993 1537 2027 1594 ad
2049 1542 2247 1612 metropolitam,

33 1633 91 1698 qraiis
107 1638 134 1684 et
150 1633 243 1700 Drogc
261 1639 289 1684 et
303 1631 441 1685 Antcarint
458 1633 545 1695 esset,
565 1635 698 1680 auctorem
716 1643 767 1680 non
785 1645 862 1696 posse
877 1629 965 1680 referri
975 1630 1015 1694 Η,
1030 1624 1087 1680 haec
1103 1625 1201 1696 balneo,
1219 1646 1275 1696 qve
1292 1627 1470 1697 respondeam.
1511 1627 1601 1693 Drogo
1619 1631 1720 1678 tantum
1734 1627 1873 1697 episcopus
1890 1637 1960 1699 erat,
1985 1633 2157 1700 metropolitas
2171 1632 2248 1690 tituic

32 1723 136 1789 asergio
162 1731 279 1776 ornatus.
324 1720 378 1775 Sed
395 1717 579 1784 verendnmei
602 1724 672 1786 erat,
697 1733 729 1772 ne
754 1736 770 1772 ι
795 1735 844 1774 ιιι
867 1719 1032 1789 metropolita
1058 1721 1091 1773 ob
1116 1718 1183 1774 bene
1212 1721 1293 1789 ipsam
1320 1736 1423 1774 οιιιιιιιι
1451 1719 1518 1773 maie
1542 1718 1709 1784 affligeretur.
1750 1719 1834 1786 igitur
1848 1731 2053 1786 ,consentaneum
2070 1734 2125 1792 est,
2150 1733 2247 1782 mntem

32 1815 231 1906 necopolitarona
254 1811 348 1879 judicii
370 1813 560 1867 immunitatem
588 1811 717 1880 episcopis
742 1812 768 1864 in
795 1812 982 1876 decretaliter,
1008 1828 1039 1866 eo
1063 1819 1170 1867 auctore
1197 1813 1337 1882 ιοιιιιοιὶι,
1361 1813 1494 1867 vindicari.
1545 1810 1657 1864 Omnino
1674 1827 1690 1864 e
1707 1826 1736 1866 re
1752 1811 1810 1880 ejus
1835 1821 1891 1868 erat
1908 1815 2023 1882 omniurn
2040 1833 2248 1890 quorumcunqve

30 1907 228 1974 nmpoiturnm
245 1912 400 1975 potestatem
419 1904 520 1972 frangi,
537 1920 587 1971 qno
602 1903 722 1957 Romano
735 1905 850 1973 pontiticl
865 1904 955 1959 liceret
969 1905 1044 1959 istam
1060 1905 1228 1960 autocratianv
1243 1913 1344 1971 tenera,
1360 1904 1437 1958 modo
1454 1904 1524 1974 ipse,
1539 1903 1655 1956 obortus
1669 1905 1725 1971 eius
1741 1907 1912 1976 constitutus,
1930 1908 2002 1962 illias
2013 1909 2149 1980 particeps
2157 1913 2247 1980 fiere,

30 1999 86 2052 llrod
102 2015 159 2052 vero
180 1996 214 2050 ad
237 1997 385 2050 Antcarinm
405 1998 513 2061 attinet,
538 1995 583 2050 bic
600 1998 675 2051 tacita
694 1997 718 2049 in
737 1996 850 2050 animum
879 1996 1002 2051 inducere
1027 1999 1128 2067 potuit,
1155 2004 1184 2052 nt
1203 1999 1279 2052 talem
1296 1996 1414 2051 fraudem
1437 1996 1625 2058 committeret,
1654 1996 1780 2066 siqnidem
1802 1997 1891 2052 sedern
1910 2006 2009 2054 teneret
2026 2001 2152 2055 Bonil'ecii
2169 2005 2247 2073 iliius,

29 2091 58 2156 qvi
72 2089 139 2155 olim,
156 2087 229 2142 sedis
248 2088 398 2156 apostolicae
416 2089 541 2157 vicarius,
565 2096 637 2142 tanta
654 2096 707 2142 tana
726 2091 751 2143 in
767 2090 850 2143 Gallie
866 2105 942 2158 qvam
961 2089 988 2142 in
1005 2090 1143 2143 Germania
1164 2091 1318 2143 auctoritate
1339 2091 1469 2142 floruerat.
1514 2086 1616 2168 Qvippe
1639 2105 1743 2158 sperare
1766 2091 1868 2159 potuit,
1894 2107 1924 2144 se
1943 2091 2034 2144 saltem
2059 2100 2246 2163 postmortem

30 2183 80 2234 enin
97 2181 225 2249 Brogonis
238 2181 278 2247 ¹⁸,
303 2179 426 2232 vicarium
442 2179 559 2248 ejusdem
577 2179 646 2234 sedis
664 2181 763 2250 iactus,
789 2181 816 2234 in
837 2190 936 2252 partem
954 2189 1038 2236 ande
1055 2180 1112 2247 eins
1129 2183 1266 2249 potestatis
1287 2189 1422 2236 venturam
1440 2195 1505 2234 esse.
1520 2205 1556 2222 ·-
1577 2180 1642 2232 Hac
1657 2197 1719 2234 vero
1735 2179 1888 2250 hypothesis
1905 2189 1993 2236 nostra
2011 2199 2062 2240 non
2080 2187 2164 2242 solum
2182 2189 2246 2242 mire

30 2279 65 2326 ista
77 2273 154 2342 Sergii
169 2273 194 2326 li
212 2273 295 2328 ell'ata
309 2271 439 2341 explicet,
464 2273 511 2328 sed
530 2275 688 2343 probabilem
704 2289 808 2328 canem
828 2276 927 2343 prebet
948 2274 1027 2328 edicti
1043 2275 1111 2328 illins
1127 2271 1262 2336 Lotiraril,
1289 2291 1338 2344 qvo
1354 2273 1626 2330 Pseudo-isidoriana
1644 2272 1749 2328 decreta
1767 2275 1835 2328 inter
1857 2273 1929 2339 leges
1949 2291 2010 2330 suas
2027 2281 2164 2348 recepit²⁴
2182 2280 2245 2348 (vid.

31 2385 49 2434 p.
61 2373 102 2428 ts,
118 2367 153 2432 c.)
170 2381 218 2423 nec
240 2381 292 2418 non
308 2365 351 2432 qvi
366 2365 465 2418 facturn
485 2367 534 2432 sit,
552 2374 582 2424 nt
600 2367 672 2420 saise
688 2367 747 2419 istae
767 2365 910 2422 decretales
932 2368 958 2420 in
979 2383 1060 2435 regno
1077 2367 1163 2420 Caroli
1184 2367 1256 2422 cairi
1275 2375 1376 2422 mature
1395 2367 1626 2436 ιιιιιιιςιιιιιιιιιιο
1638 2365 1717 2433 (vid.
1736 2382 1816 2438 supra
1833 2372 1861 2420 et
1878 2383 1904 2434 p.
1919 2371 1969 2435 89,
1985 2368 2035 2436 c).
2075 2371 2139 2425 Qus
2157 2379 2245 2428 autem

30 2457 154 2528 ippotbes'u
172 2457 300 2527 plurimas
315 2454 481 2512 dit'dcuitates
496 2459 605 2528 simplici
622 2459 724 2511 ratione
738 2457 861 2526 expedire
879 2459 969 2527 possit,
987 2477 1020 2513 ea
1034 2459 1173 2528 probabilis
1192 2465 1264 2514 certe
1278 2458 1407 2514 videbitur
1417 2462 1456 2519 ¹,⁶.

113 2556 137 2604 3.
172 2549 236 2602 Bini
251 2548 340 2618 reliqvi
357 2551 493 2617 pontifices
510 2568 561 2606 non
579 2559 680 2619 tantos,
706 2561 815 2621 ovantes
833 2551 941 2618 Sergius
960 2551 998 2618 ll,
1023 2551 1129 2620 spiritus
1151 2550 1294 2615 ducebant3
1318 2549 1364 2606 scd
1382 2560 1468 2605 tannen
1489 2548 1559 2604 sedis
1581 2566 1636 2603 sue
1651 2549 1813 2617 auctoritati,
1839 2549 1923 2618 qvoad
1943 2559 2076 2620 poterant,
2102 2554 2244 2612 studiosius

32 2645 179 2697 onsuicbant.
225 2641 281 2695 iseo
304 2639 347 2693 W
361 2641 387 2692 in
402 2642 513 2709 epistola
527 2640 561 2695 ad
578 2644 716 2712 episcopos
733 2643 910 2696 ιιιιιιιιιιιίιιΗ
932 2641 1114 2711 [Bretagne],
1132 2645 1174 2713 qvi
1190 2645 1275 2714 ipsam
1291 2643 1324 2698 de
1340 2644 1416 2697 variis
1431 2645 1508 2698 rebus
1522 2641 1703 2696 ecciesiasticis
1719 2642 1916 2711 consuluerant,
1941 2640 1998 2698 irase
2018 2643 2098 2700 dicits
2122 2649 2162 2700 ”sl
2177 2648 2245 2703 inter

30 2753 72 2802 cos,
93 2753 150 2804 qvos
165 2730 331 2789 damnandos
346 2745 404 2784 esse
423 2732 547 2788 dixerunt
561 2731 693 2802 homines,
718 2737 797 2789 fuerit
811 2736 966 2804 episcopus,
989 2736 1031 2802 qvi
1047 2753 1120 2790 snam
1137 2753 1240 2792 οιιιιιιιι
1263 2738 1289 2790 in
1308 2737 1444 2804 ριιιιιιιιιι
1457 2737 1583 2793 sonans
1599 2733 1670 2790 sedis
1686 2734 1802 2802 episcopi
1817 2735 1922 2803 petierit
1937 2735 2035 2805 audiri,
2062 2739 2148 2794 nuilus
2165 2755 2244 2810 super

30 2817 216 2884 iiminttivam
235 2825 454 2896 pessumsedere
470 2811 640 2895 sententiani,
663 2828 710 2883 sed
728 2829 832 2884 omnino
850 2843 908 2882 anm
924 2827 1007 2882 audiri
1032 2827 1220 2884 danninum.
1259 2829 1348 2897 ltaove
1371 2844 1448 2882 suum
1471 2828 1583 2882 tribunal
1604 2827 1630 2880 in
1649 2826 1733 2879 censis
1754 2826 1935 2896 episcoporum
1960 2845 2111 2898 supremum
2135 2831 2245 2890 reddere

23 2920 95 2972 voluit
121 2921 191 2976 ldcrn
208 2927 337 2990 praeterea
354 2917 482 2988 disputat,
499 2921 651 2990 episcopos,
667 2935 842 2989 quamcunque
857 2925 954 2975 terrent
971 2923 1133 2990 sententiam,
1151 2920 1217 2976 hanc
1230 2921 1308 2988 juxta
1325 2919 1395 2974 scios
1412 2935 1523 2974 canones
1538 2927 1565 2972 et
1580 2918 1747 2972 decretalium
1763 2918 1866 2984 regulas
1884 2919 1981 2973 laturos
1997 2937 2068 2986 csse,
2086 2940 2134 2977 nec
2149 2923 2244 2980 debere

32 3014 154 3066 scientiam
173 3014 206 3066 de
225 3013 258 3066 iia
275 3014 351 3080 ferri,
369 3013 418 3066 nisi
436 3027 522 3064 coram
539 3009 676 3066 duodecim
693 3013 839 3081 episcopis,
856 3021 902 3067 aut
918 3022 983 3083 ”per
1000 3015 1165 3082 septuaginta
1176 2999 1249 3068 'duos
1264 3011 1371 3066 idoneos
1389 3019 1495 3066 testes”.
1531 3011 1579 3064 His
1599 3011 1669 3064 enim
1689 3009 1801 3062 decretis
1821 3008 1848 3063 id
1868 3011 1924 3065 sios
1940 3010 2019 3066 dubio
2037 3015 2136 3082 aascqvi
2154 3017 2243 3085 voluit,

31 3111 52 3154 nt
64 3104 180 3159 rideretur
195 3121 251 3158 non
269 3111 322 3157 tarn
340 3120 395 3156 snae
413 3107 549 3172 potestatis
567 3119 642 3172 qvam
658 3105 759 3158 illoram
775 3105 866 3159 salutis
880 3105 1014 3160 studiosus
1028 3121 1095 3160 esse·
1138 3103 1215 3160 Qvod
1241 3106 1263 3158 si
1289 3105 1404 3176 episcopi
1422 3105 1470 3158 sibi
1495 3104 1695 3172 perarasissent,
1718 3103 1869 3156 autocratie
1893 3101 1950 3169 ejus
1972 3120 2001 3157 se
2022 3106 2105 3172 magis
2123 3119 2243 3180 prompte

30 3197 191 3252 submitterent.
230 3195 379 3250 Accedebat
393 3205 480 3250 autem
501 3197 580 3250 altera
600 3197 680 3263 ratio,
694 3204 722 3250 et
739 3213 771 3250 ea
785 3197 887 3264 qvidern
905 3197 1063 3265 gravissima.
1098 3198 1275 3264 Nomenogins
1294 3199 1458 3265 tyrannas¹⁸
1474 3203 1583 3264 qvatnor
1598 3195 1754 3265 episcopos,
1772 3195 1888 3250 ιίιιιιιιιιι
1902 3192 1999 3248 iaisc¹⁰
2018 3205 2172 3267 accusatos,
2187 3217 2243 3256 mu.

31 3289 110 3342 ιιιιιιιι
125 3291 178 3344 ιιιίι
197 3289 358 3358 privaverat,
374 3290 416 3356 qvi
434 3288 468 3342 ad
486 3289 608 3346 canton
625 3289 656 3344 C.
674 3290 852 3356 confugerant.
882 3291 969 3358 itaque
987 3289 1177 3358 Nomenogius,
1192 3306 1273 3357 quom
1292 3305 1396 3360 sperare
1414 3306 1464 3344 non
1484 3295 1586 3357 posset,
1600 3285 1823 3357 archiepiscopum
1834 3285 2012 3342 Turonensem
2030 3304 2118 3356 novos,
2134 3293 2166 3344 ab
2183 3293 2242 3361 ipso

30 3381 159 3436 coufitutos
176 3385 318 3454 episcopos
338 3388 546 3436 consecraturum
566 3399 639 3451 esse,
666 3390 716 3436 ”ex
734 3391 843 3451 qvatuor
863 3382 1055 3452 episcopatibus
1071 3389 1169 3450 septena
1188 3382 1348 3450 composuitr
1374 3396 1480 3448 quorum
1496 3379 1565 3450 apud
1584 3380 1677 3432 Dolum
1695 3379 1878 3462 monasterium
1896 3394 1975 3430 unum
1992 3381 2140 3450 constitnit,
2166 3401 2241 3452 qvem

30 3469 229 3546 archiepiscopum
245 3475 300 3528 lieri
316 3473 456 3528 decrevit&
498 3471 586 3528 (tuum
607 3475 687 3541 igitur
702 3474 816 3545 episcopi
837 3474 976 3526 Britannice
993 3491 1023 3526 se
1037 3472 1197 3548 Turonensis
1215 3468 1400 3543 archiepiscopi
1425 3471 1516 3526 ditioni
1542 3470 1741 3538 subduxissent,
1765 3467 1835 3524 hand
1860 3471 1953 3524 mirum
1976 3477 2047 3539 erat,
2069 3490 2115 3529 eoa
2129 3475 2241 3530 Romanu

30 3565 133 3626 pontilicis
149 3571 277 3635 gratiam,
295 3584 327 3620 ne
345 3562 388 3620 hic
405 3565 565 3619 Turonensis
584 3565 708 3619 antistitis
718 3565 779 3632 jura
794 3573 926 3632 tueretur,
947 3567 1075 3619 ambiisse.
1111 3567 1199 3635 itaqu
1213 3565 1294 3619 Leoni
1315 3566 1387 3618 licuit
1404 3580 1555 3634 supremum
1571 3563 1605 3618 de
1625 3563 1655 3616 iis
1674 3567 1832 3632 potestatem
1849 3577 1904 3619 sae
1923 3561 1979 3618 sedi
2000 3563 2136 3619 vindicare.
2176 3567 2241 3624 Qvo

29 3655 108 3720 pridem
124 3659 192 3714 sedis
211 3661 338 3714 Romanae
368 3665 483 3728 potestus
507 3675 554 3724 eo,
581 3655 649 3726 qvod
667 3657 721 3711 Leo
742 3655 820 3724 hujus
836 3659 917 3728 ipsius
935 3657 1052 3727 epistota
1069 3657 1181 3711 decretis
1199 3657 1387 3726 impedivisset,
1412 3673 1462 3726 oro
1480 3656 1563 3710 ιιιιιιιιι
1581 3657 1638 3710 istis
1655 3651 1786 3724 episcopis
1806 3669 1915 3727 ιιιιιιιιι,
1940 3655 2035 3722 iniuste
2055 3667 2241 3728 comparatam,

29 3745 209 3820 stinnetnrw,
238 3753 301 3822 ipsis
327 3752 462 3808 utilissima
479 3749 611 3804 videretur
628 3759 733 3806 nerum
749 3757 812 3804 erat.
858 3751 946 3818 Neque
962 3750 1038 3804 aliem
1054 3752 1104 3806 vim
1119 3749 1214 3806 batere
1229 3751 1313 3820 potuit
1330 3749 1486 3814 admonitio,
1501 3749 1550 3816 qvi
1568 3747 1637 3802 idem
1654 3747 1711 3802 Leo
1725 3747 1901 3814 Nomcnoglc,
1927 3753 2050 3817 tyranno,
2073 3758 2104 3803 nt
2120 3753 2240 3808 ecciesia-

29 3852 71 3892 un
89 3843 175 3912 opibus
194 3851 328 3916 parceret,
355 3842 507 3913 peneadere
524 3839 673 3896 condrion.
717 3840 786 3894 Nem
801 3839 851 3895 bac
871 3843 949 3896 etiam
963 3842 1062 3896 ratione
1080 3843 1135 3896 Leo
1150 3852 1284 3898 strenuum
1304 3859 1333 3896 se
1353 3843 1443 3895 salutis
1466 3843 1647 3912 episcoporum
1669 3845 1806 3908 patronum
1823 3840 1942 3909 prebuit.
1964 3867 1998 3881 -
2025 3841 2182 3899 Benedictus
2198 3844 2245 3897 ιιι

29 3931 65 3982 ιιι
78 3939 267 4004 opportunitate
285 3953 335 4014 Ιιιοιι
352 3936 436 3989 minus
455 3934 545 3988 dextre
562 3951 625 3987 usus
643 3941 692 3986 eet.
742 3933 897 3988 Bincmarns
915 3930 1089 4010 Rbemensis,
1110 3933 1152 4002 qvi
1171 3934 1272 3988 Bbboni
1291 3939 1465 4001 successerat,
1493 3939 1553 4002 post
1570 3929 1648 3998 hujus
1665 3932 1806 3984 obitum⁸¹
1824 3931 1891 3984 terre
1907 3933 1990 4008 noluit
2008 3933 2130 4002 ciericos,
2155 3938 2188 3989 ab
2207 3953 2239 3990 eo

30 4029 191 4086 outnrnneris
207 4028 249 4082 sui
265 4028 458 4095 abrogationem
478 4033 650 4080 consecratos.
691 4026 778 4093 itaque
796 4039 876 4092 quum
898 4024 924 4077 in
945 4025 1045 4092 synodo
1062 4027 1241 4080 Suessionersi
1260 4026 1285 4079 li
1305 4024 1340 4092 (a.
1359 4029 1423 4091 86³)
1440 4023 1490 4087 hos
1505 4041 1602 4092 omnes,
1620 4024 1741 4076 cmonice
1763 4022 1797 4077 ed
1817 4023 1945 4091 synodum
1962 4040 2014 4079 ncn
2033 4034 2152 4091 comtos,
2167 4029 2239 4082 iesti-
2334 4061 2350 4086 c

29 4117 108 4170 nentina
123 4119 346 4186 damnavisset¹⁸,
361 4119 505 4174 Benedicto
523 4135 634 4172 canones
651 4118 751 4170 concilii
768 4117 855 4176 misit,
882 4123 911 4169 nt
928 4119 961 4170 ab
985 4133 1019 4171 eo
1036 4118 1296 4171 contirnrerentor¹⁴.
1337 4117 1389 4169 iiic
1413 4117 1507 4184 igitur,
1534 4115 1667 4172 Hincvnari
1687 4115 1713 4170 in
1731 4131 1760 4170 se
1780 4115 1912 4172 voluntate
1933 4116 2009 4172 raide
2024 4105 2168 4184 ςιιιιιιιιἰ
2187 4135 2238 4174 noa

28 4207 92 4261 solon
108 4211 160 4265 ilisa
177 4211 359 4266 ”definitiones
377 4213 519 4280 apostolica
534 4213 688 4266 anctoritate
703 4217 772 4264 ratas
785 4211 842 4264 iore
859 4209 1006 4277 promulgat
1025 4223 1175 4280 semperqre
1190 4225 1293 4264 manere
1310 4208 1469 4276 (mansuras)
1483 4209 1603 4276 statuit”,
1617 4207 1664 4264 sed
1678 4209 1756 4263 etiam
1769 4207 1917 4277 interdicit,
1931 4225 1964 4264 ue
1979 4210 2024 4264 isti
2039 4209 2124 4265 clerici
2140 4212 2239 4268 ”alima

26 4295 103 4358 iudicia
117 4313 269 4374 expetant”‚
287 4313 366 4374 negat
386 4303 510 4374 deniqne,
525 4305 692 4358 ilincmarnrn
709 4303 803 4358 ”alicui
819 4301 993 4368 cuiuscunque
1003 4301 1058 4369 juri
1071 4303 1110 4357 vei
1125 4303 1224 4372 tubicio
1238 4301 1384 4368 subjectum
1398 4317 1465 4368 esse,
1491 4301 1561 4354 salvo
1575 4301 1601 4355 in
1618 4301 1739 4355 omnihus
1749 4300 1809 4370 jure
1826 4301 1975 4371 apostolice
1990 4301 2086 4369 scotor,
2112 4302 2145 4358 ad
2163 4318 2238 4371 qvem

29 4397 212 4464 '‘compellatus”
231 4397 380 4466 appellaret
417 4399 506 4454 ouum
525 4394 581 4450 hec
598 4396 753 4462 Hincmerc‚
774 4395 828 4448 sine
847 4393 926 4447 dubio
944 4395 1086 4462 metuenti,
1100 4411 1133 4450 ne
1149 4395 1192 4448 isti
1210 4394 1295 4448 clerici
1316 4392 1458 4456 Ludovici,
1486 4393 1630 4446 Germanice
1650 4394 1732 4460 regis,
1757 4393 1835 4447 tidem
1853 4393 2068 4462 implorarent¹⁶,
2081 4397 2238 4476 ¹gratissimo

28 4495 109 4553 esent,
123 4490 147 4544 in
166 4493 280 4545 animum
297 4488 420 4543 inducere
437 4505 489 4543 non
505 4487 605 4558 potuit,
630 4493 660 4539 ut
678 4493 801 4553 nemrot,
822 4495 868 4540 aut
883 4485 928 4552 jns
943 4484 1006 4538 iliud
1023 4484 1056 4538 ad
1072 4485 1159 4540 ιιιιιιιι
1178 4486 1321 4540 &menam
1337 4485 1479 4554 pertinere,
1504 4490 1549 4538 ant
1567 4481 1660 4553 ”hcc’',
1681 4491 1712 4538 ut
1726 4482 1884 4539 Benedictus
1901 4483 2025 4540 audacter
2037 4487 2161 4555 ιιιιιιιιι,
2187 4491 2236 4542 ”ab

28 4571 71 4639 ipso
83 4581 154 4634 veluti
173 4581 281 4636 Christo
298 4589 326 4636 et
348 4581 428 4634 sacris
443 4579 586 4635 canonibus
608 4579 779 4631 constitutum
796 4587 880 4632 esse”.
923 4576 1000 4634 orco
1015 4593 1089 4644 qvem
1105 4577 1175 4632 sadis
1192 4577 1317 4632 ιιιιιιιιιι
1334 4577 1488 4646 dignitatem
1504 4577 1601 4648 populo
1617 4573 1764 4632 Christiano
1786 4576 1939 4646 peravadars
1957 4584 2061 4648 posset,
2082 4593 2129 4648 per
2146 4594 2175 4633 se
2192 4595 2237 4648 ps·

27 4671 61 4717 tet
75 4697 106 4711 -
123 4673 193 4728 Idem
212 4671 389 4740 Benedictus,
413 4689 495 4740 quone
510 4671 635 4726 diacoen
653 4667 770 4739 qnidam,
793 4671 896 4726 nornine
915 4669 1064 4735 liebertus,
1087 4670 1296 4738 μιιιιιιιιιιιιιιι
1317 4677 1474 4738 ᾳιοιιιιιιιιι
1490 4669 1625 4724 criminum
1640 4677 1667 4724 et
1682 4669 1838 4750 flagitiorum
1855 4686 1933 4738 rens,
1953 4669 2052 4738 judicie
2068 4679 2122 4728 tem
2138 4669 2235 4728 archic-

27 4757 170 4830 vicopnrun
188 4782 265 4839 qvam
282 4766 464 4837 episcoporum
480 4781 586 4836 prorsus
603 4762 756 4832 sprevisset,
772 4778 832 4816 euna
847 4763 939 4818 ιιοιιιιι
954 4778 1040 4816 coram
1060 4763 1181 4818 tribunali
1198 4780 1246 4818 ano
1262 4777 1410 4832 comparere
1423 4760 1551 4828 jussit'”,
1567 4778 1596 4814 ac
1612 4761 1635 4815 si
1655 4777 1731 4816 sunm
1745 4771 1816 4816 essct
1832 4763 1858 4818 in
1876 4779 1962 4818 mores
1982 4765 2132 4818 clericorum
2148 4763 2234 4831 cuins·

27 4849 55 4902 ris
69 4859 199 4920 provinciae
215 4858 349 4927 inqvircre.
378 4857 443 4912 Ovis
460 4873 520 4910 vero
537 4854 647 4909 moleste
660 4855 748 4922 terret,
763 4855 840 4908 taiero
856 4854 1010 4908 nebulonem
1028 4869 1074 4923 per
1093 4855 1208 4923 qvamvis
1224 4856 1374 4925 episcopum
1391 4851 1524 4906 damnarit
1557 4855 1592 4907 At
1613 4853 1714 4908 nemine
1732 4853 1925 4912 contradicente
1942 4857 2083 4911 communis
2099 4854 2132 4910 de
2147 4863 2235 4911 aucto

27 4940 86 4997 ritate
101 4949 167 5004 sedis
187 4953 313 5005 Romane
329 4950 416 5020 opinio
434 4948 539 5001 altiores
556 4945 657 5002 radices
673 4963 750 5015 agere
765 4949 858 5016 potnit
876 4973 910 4986 -
936 4946 1051 5014 Decime
1067 4944 1226 5000 Benedictus
1243 4947 1269 5000 in
1288 4943 1462 4999 confirmando
1479 4946 1611 5016 privilegia
1630 4946 1747 5002 Corbeie
1767 4954 1886 5017 oportere
1909 4965 1937 5002 se
1954 4949 2078 5014 afirmat,
2108 4956 2138 5003 ut
2160 4951 2234 5003 ”nni-

27 5037 88 5090 rcrsia
103 5043 217 5098 ecclesiis
232 5039 430 5097 sollicitudinem
445 5037 617 5111 praetendat',
632 5047 766 5110 strages,
783 5040 805 5094 si
825 5040 867 5108 ovi
883 5039 1015 5109 privilegia
1030 5037 1073 5092 illa
1088 5037 1204 5103 violarit,
1220 5037 1509 5096 ”excommonicationis
1524 5039 1673 5109 apostolice
1687 5040 1833 5096 sentcnntr
1852 5039 2003 5096 commen.
