4986 6384
961 504 1097 590 Notae
1132 505 1196 587 od
1228 485 1337 619 pop]
1375 505 1449 588 87.

171 667 198 722 1.
232 667 308 722 ilinc
326 667 477 724 multitudo
493 665 663 742 synodorum
679 676 709 726 et
730 671 931 730 conventuum,
957 666 1058 739 qvibm
1074 668 1178 720 ambis·

100 750 211 820 piacopi
227 751 414 823 presidebaut
433 751 502 824 (aid.
523 761 591 806 acta.
611 753 813 822 conciliorum).
849 751 924 806 lline
942 767 1041 822 acapna
1061 750 1178 806 auctori·

101 842 154 898 ιιι,
174 853 257 907 qvam
275 835 306 888 in
325 835 446 908 bisipsis
464 835 661 908 archicpiscopi
678 837 859 898 exercebant3
877 835 957 908 cujus
972 836 1092 908 insignia
1109 851 1178 907 qvas-

102 919 166 972 daan
191 920 317 991 exempla
342 919 374 973 iu
393 921 507 976 historia
528 920 710 976 Godosclaalel
726 918 786 991 ᾗιιι
805 920 951 976 attulimus
969 921 1039 990 (aid.
1058 937 1086 992 p.
1106 921 1179 976 81-

100 1004 168 1072 88),
200 1003 260 1058 Cir.
282 1020 342 1076 qam
368 1004 403 1058 de
428 1005 602 1060 llerimanno
628 1006 756 1078 episcopo
780 1006 929 1058 constituta
953 1012 1020 1059 sunt
1045 1006 1077 1060 in
1101 1021 1177 1058 conc.

101 1087 245 1146 Suession.
258 1088 311 1144 lli.
332 1095 384 1143 act.
405 1091 443 1152 ll,
464 1107 506 1162 ap.
527 1090 622 1144 Ralua.
643 1090 662 1144 l.
683 1106 706 1144 c.
726 1107 754 1161 p.
774 1090 822 1144 oo.
858 1089 923 1144 llue
942 1090 1025 1144 etiarn
1044 1089 1177 1162 pertinet,

99 1171 175 1243 qvod
196 1171 314 1226 Carolus
330 1189 405 1228 conc.
420 1173 512 1230 Sacas.
534 1175 577 1230 lll
593 1172 701 1247 judiflo
719 1173 856 1230 commisit
875 1173 985 1256 culpam
1005 1173 1112 1228 diaconi
1133 1191 1179 1228 cu·

96 1255 220 1328 jusdam,
240 1256 292 1326 apri,
308 1265 466 1329 “praecepta
485 1259 555 1314 talea
571 1259 649 1328 regio
665 1258 778 1312 nomine
796 1258 1009 1330 compilaverat„
1026 1260 1093 1328 (act.
1112 1258 1176 1326 vt).

100 1341 144 1396 Ba
159 1341 262 1395 tribus
286 1341 352 1394 tiliis
377 1339 502 1396 lotharii
528 1341 687 1396 Luooviens
710 1341 755 1404 ll,
784 1343 871 1413 lmp.,
899 1342 1018 1394 maxiano
1042 1341 1178 1396 sollicitus

100 1433 162 1480 erat
182 1425 218 1480 de
237 1424 423 1478 ecclesiastica
442 1425 588 1498 disciplina
606 1425 792 1488 ratituendaa
811 1424 868 1479 rid.
887 1425 1041 1497 capitulare
1060 1427 1179 1480 interro·

101 1508 223 1579 gationis
241 1509 277 1563 ad
296 1508 427 1581 episcop,
447 1526 531 1582 supra
551 1511 622 1578 (not.
640 1510 679 1564 to
700 1509 736 1564 ad
751 1527 781 1582 p·
800 1510 853 1580 88)
872 1508 1032 1574 laudatum,
1051 1509 1114 1564 coll.
1137 1527 1178 1563 ca·

98 1593 199 1666 pilulis
221 1592 286 1655 Vll,
307 1593 374 1650 edit.
393 1600 457 1664 post
474 1611 599 1666 respom.
620 1594 820 1666 episcoporum.

168 1677 197 1732 2.
232 1675 298 1731 vid.
318 1693 394 1730 cone.
407 1675 495 1732 Vern.
515 1695 538 1731 n
558 1677 591 1740 1,
610 1693 687 1731 ιοαι.
700 1676 835 1733 llcldeus
857 1695 880 1731 c.
900 1677 948 1740 18,
969 1685 998 1732 ct
1015 1693 1040 1732 e.
1054 1679 1108 1740 111,
1127 1680 1178 1734 cl'r.

100 1769 159 1816 not.
184 1761 220 1815 17
240 1762 323 1832 adp.
343 1762 389 1816 88.

167 1847 197 1899 δ.
233 1843 663 1918 Synod.llepia-Tiein.c.122
694 1846 767 1901 “boc
795 1854 887 1900 autem
906 1847 1036 1902 omnibns
1056 1847 1180 1903 christia-

100 1932 144 1984 nis
163 1930 353 1986 intimandum
372 1936 422 1992 est,
444 1928 507 2002 qvia
526 1928 566 1994 bi,
586 1923 643 2002 qai,
663 1931 735 1984 sacri
753 1930 849 1986 altaris
866 1934 1060 1988 communione
1078 1935 1179 2006 privati

101 2023 129 2072 ct
148 2032 203 2087 pro
222 2015 280 2068 suis
299 2012 451 2068 sceleribus
471 2013 602 2068 recondis
621 2015 712 2085 (leges
731 2014 902 2083 reverendis)
922 2017 1045 2072 aditibus
1065 2019 1179 2082 exclusi,

74 2099 222 2178 'publicat
247 2098 427 2170 poenitentias
453 2095 594 2171 subjugati
623 2105 703 2162 sunt,
732 2099 811 2151 nodio
837 2099 945 2152 militias
970 2103 1113 2156 saecularia
1137 2105 1182 2157 uti

102 2185 237 2248 mettio,
262 2184 370 2236 nullcaa
394 2183 554 2252 reipublicae
577 2183 677 2246 delcetat
694 2183 894 2236 administrare
910 2185 1092 2256 dignitatem:
1117 2189 1181 2259 qvia

101 2285 154 2322 nec
171 2267 355 2341 popularibus
375 2267 506 2340 pentibus
525 2283 572 2322 eos
591 2267 708 2322 miscere
725 2274 848 2340 oportet,
881 2285 934 2322 nec
958 2287 1057 2324 vacare
1080 2271 1180 2326 saluto

101 2339 242 2416 tionibus,
270 2369 323 2406 nce
342 2352 530 2426 quorumlibet
553 2368 648 2406 causas
662 2349 806 2424 judicare,
835 2369 923 2424 quum
942 2353 999 2408 aint
1017 2353 1071 2426 ipsi
1091 2355 1178 2409 divim

102 2436 323 2510 addictijudieio
453 2435 510 2502 Qvi
535 2452 602 2489 cero
621 2453 674 2507 per
698 2433 967 2492 administrationem
992 2428 1113 2510 episcopi
1131 2455 1182 2492 seu

102 2523 294 2586 sacerdotnm,
319 2527 481 2594 perpetrato
499 2520 592 2592 palam
610 2520 730 2582 scelere,
750 2519 905 2576 remedium
924 2522 1065 2594 suscipere
1084 2521 1181 2576 noluo·

102 2609 176 2671 rint,
209 2607 296 2680 magis
320 2599 571 2677 abjiciendi'suats
606 2606 875 2658 mammonam·
900 2607 1022 2668 scilieet,
1050 2613 1181 2680 tanqvana

102 2690 218 2765 putrida
241 2707 274 2746 ac
299 2689 444 2762 desperata
464 2689 590 2744 meanbra
609 2687 645 2742 ab
665 2689 830 2744 mairersalis
849 2691 970 2744 ecelesia
992 2708 1108 2762 corpore
1129 2691 1181 2746 dis·

103 2776 225 2831 semndb
244 2772 396 2846 cujusmodi
412 2771 471 2845 jana
484 2771 560 2826 inter
574 2773 740 2828 christianos
757 2775 839 2829 aran
855 2775 954 2844 leptim
972 2777 1055 2830 nullo
1070 2795 1181 2838 morum,

104 2863 187 2916 asilo
205 2859 317 2930 eollepii
335 2858 516 2926 participatio
541 2865 597 2912 ιιι,
629 2857 730 2931 qvibns
755 2874 845 2930 neqve
868 2859 899 2912 in
924 2859 984 2930 ipso
1008 2861 1086 2916 exitu
1111 2879 1182 2915 corn-

103 2946 277 3006 munieatur,
309 2947 338 2996 et
356 2959 475 3014 qaorum
493 2959 584 3013 neqve
604 2950 667 3014 post
686 2949 805 2998 mortem
823 2942 923 2998 saltem
941 2944 1017 2998 inter
1037 2947 1182 3001 destructos

102 3031 202 3086 lideles
227 3027 452 3082 commemoratio
476 3025 551 3082 fiae?
592 3026 688 3080 llabes
707 3027 794 3098 ipitur
813 3028 947 3082 hocloco
967 3029 1182 3101 descriptionem

104 3113 285 3170 “interdicta''
305 3111 378 3184 qvod
398 3110 679 3166 excommunicatione
698 3111 811 3184 prosim
830 3119 899 3171 erat.

171 3198 233 3254 Cir.
255 3212 331 3250 conc.
350 3195 479 3267 blopnnt.
499 3195 528 3258 1,
560 3211 584 3248 c.
605 3198 635 3249 7,
664 3201 714 3250 t‘et
736 3202 769 3251 ut
793 3197 857 3252 laici
883 3197 914 3252 in
936 3215 1037 3254 eornm
1060 3179 1098 3268 (or
1118 3203 1182 3269 suo)

103 3282 260 3340 ministerio
279 3280 412 3333 obediant
429 3280 562 3348 episcopia
578 3280 619 3332 od
634 3281 772 3350 rependas
788 3281 931 3344 ecclesium
948 3319 955 3334 .
973 3319 979 3334 .
997 3319 1004 3334 .
1021 3319 1028 3334 .
1046 3321 1052 3334 .
1070 3299 1182 3340 consen.

104 3370 261 3438 limitesque
286 3365 343 3418 sint
367 3364 482 3418 comites
507 3369 536 3418 et
554 3362 664 3436 jndices
689 3365 855 3436 presulibus
873 3366 930 3420 araia
950 3367 986 3420 ad
1002 3365 1125 3438 justitias
1144 3371 1182 3429 ia-

103 3453 218 3509 u'eardas
233 3449 315 3523 juata
331 3456 468 3521 precepta
489 3445 589 3502 divine
607 3449 711 3520 lepis;”
737 3450 787 3503 cir.
808 3465 831 3502 c.
850 3450 886 3510 1,
913 3467 990 3504 conc.
1014 3452 1100 3508 Vcrn.
1120 3471 1142 3507 c
1163 3456 1183 3509 1

101 3547 129 3594 ee
147 3539 187 3598 θ,
206 3551 283 3590 eone.
304 3531 440 3598 lleldens.
461 3549 484 3586 c.
504 3533 522 3586 7
542 3540 571 3588 et
591 3535 643 3594 78,
663 3549 738 3588 conc.
759 3533 947 3604 Regia-Ticin.
968 3551 990 3590 c.
1009 3535 1058 3598 aa
1078 3539 1182 3610 capitu-

102 3623 155 3680 lar.
177 3616 482 3680 terminarent,
503 3633 562 3687 cap.
584 3617 630 3679 15,
653 3619 697 3672 to.

173 3707 201 3760 1.
237 3701 390 3775 Capitular.
417 3701 514 3754 Caroli
536 3700 574 3764 C,
603 3702 644 3756 tit.
665 3701 736 3756 XX!
764 3703 802 3771 (a.
827 3702 911 3771 8811),
940 3704 984 3756 ιῐι.
1010 3704 1122 3760 ΧΧΙΙΙ.
1144 3708 1182 3776 (ι.

103 3792 188 3858 8117),
210 3805 268 3858 cap.
293 3786 318 3849 1,
338 3785 368 3849 a,
387 3786 416 3848 1,
437 3786 469 3848 11,
486 3786 516 3850 8,
537 3787 565 3848 7,
585 3785 612 3848 8,
632 3786 662 3848 8,
684 3785 736 3848 to,
756 3786 899 3858 capitular.
917 3787 1054 3840 hedmici
1072 3791 1120 3853 11,
1140 3791 1183 3844 tit.

103 3877 161 3938 ΙΙΙ,
182 3891 205 3927 c.
228 3873 274 3934 17,
294 3868 356 3923 coll.
377 3869 491 3942 capitul.
511 3876 575 3942 post
594 3885 718 3942 respons.
738 3870 856 3942 episcop.
876 3887 935 3943 cap.
957 3872 986 3934 1,
1006 3872 1104 3928 consil.
1125 3873 1184 3927 blo·

104 3959 228 4032 guntin,
251 3973 267 4008 a
289 3954 440 4016 bedonico,
459 3969 526 4024 repe
546 3952 712 4016 Germaniae,
732 3953 885 4008 confirmat.
905 3972 928 4008 e.
950 3955 976 4010 1.

174 4043 202 4097 t.
238 4039 301 4094 vid.
320 4044 378 4090 not.
397 4037 416 4090 2
434 4037 470 4090 ad
489 4055 550 4109 pap.
570 4038 625 4099 88,
644 4037 695 4090 cir.
716 4037 862 4110 capitular.
883 4037 977 4093 Caroli
991 4039 1024 4093 C.
1043 4041 1087 4095 tit.
1101 4040 1183 4106 xiil,

104 4126 262 4185 adnuntiat.
293 4121 386 4181 Caroli
415 4119 472 4176 tx.
501 4123 595 4192 “qvod
611 4122 635 4175 si
655 4122 759 4194 aliquid
778 4139 828 4192 per
843 4126 1033 4178 aeeesaa'toteas
1049 4124 1080 4178 in
1099 4127 1184 4180 cecle-

104 4215 154 4268 siis
174 4211 229 4266 oei
248 4214 296 4264 aut
316 4212 413 4260 coatm
431 4205 555 4277 aliqsem
571 4205 697 4262 tidelinaa
715 4213 875 4262 nostroram
893 4208 1019 4272 ιιιίιιιι,
1032 4209 1087 4264 boc
1103 4229 1184 4283 qvam

105 4298 190 4352 otius
209 4291 397 4366 potuerimus,
417 4289 603 4345 libentissime
623 4291 851 4346 motm’

173 4381 201 4435 tt.
236 4396 261 4432 s.
282 4380 454 4430 occurent.
472 4391 513 4445 ap.
535 4371 639 4428 Maron.
660 4375 688 4438 l,
718 4392 768 4448 cap
788 4377 823 4438 1,
847 4377 964 4431 adulant.
983 4377 1131 4439 balderici,
1160 4397 1183 4433 e.

107 4467 142 4529 o;
164 4469 293 4518 convent.
313 4478 357 4532 ap.
378 4457 483 4512 llarsn.
503 4458 541 4512 ll.

174 4549 202 4602 7.
237 4545 371 4600 Gonrcart.
404 4560 438 4613 ap
466 4543 685 4612 Argentoratum
709 4544 803 4600 Caroli
828 4553 858 4600 et
888 4545 1023 4602 laudovici
1042 4550 1080 4618 (a.
1100 4547 1183 4618 8111),

104 4633 263 4690 adnuntiat
305 4627 454 4682 Ludovicis
484 4625 675 4706 “[Lotbarina]
701 4627 816 4702 insuper
841 4637 870 4684 et
895 4630 1030 4702 populum
1057 4639 1184 4686 nmtrum

104 4715 260 4779 incendiis,
279 4711 399 4784 rapinis,
419 4709 596 4784 caedibusque
616 4711 772 4772 dermtat;”
791 4713 843 4767 cir.
862 4713 991 4768 Nitbsrd.
1012 4714 1048 4769 de
1068 4715 1184 4772 dnm.

104 4803 191 4858 libor.
216 4796 350 4854 laudoviei
374 4796 407 4850 P.
432 4813 476 4868 ap.
502 4795 550 4848 bc
570 4794 680 4850 Clacane
692 4796 768 4850 -laist
791 4795 922 4854 Francor.
941 4799 1036 4871 script.
1057 4807 1122 4854 tom.
1143 4800 1182 4864 11,

105 4905 133 4959 p.
155 4883 228 4938 5722
260 4881 399 4936 “Carolns
420 4879 452 4934 C.
473 4873 614 4951 episcopo,
638 4881 673 4936 ad
692 4882 855 4934 lothariam
873 4883 966 4945 mirso,
986 4884 1132 4958 precepit,
1151 4891 1185 4938 ut

106 4985 174 5024 eum
207 4966 403 5020 obsecraretur
435 4981 455 5015 a
482 4965 670 5034 personatione
701 4973 801 5019 sanctas
827 4967 881 5020 Dei
907 4967 1028 5022 ecelesias
1052 4967 1184 5022 oeasarn”

106 5054 172 5126 lpse
181 5050 420 5124 qridcmGoeolsa
433 5047 474 5112 G..
494 5052 538 5116 (-
557 5049 606 5121 qvi
621 5049 756 5113 antehae,
774 5050 983 5106 “misericordia
1005 5052 1184 5108 ecclesium

106 5135 162 5192 uei
190 5142 350 5206 permotus,
390 5132 474 5187 minis
508 5139 590 5205 atqve
621 5133 766 5188 blanditiis
800 5150 915 5191 morum
946 5137 1069 5196 animos,
1105 5137 1184 5193 urbis

106 5220 303 5276 laudunensis
331 5217 470 5272 excidium
497 5217 674 5288 parantium,
708 5218 828 5272 maximo
854 5219 950 5274 labore
978 5227 1184 5292 compescuerat

107 5306 179 5377 (vid.
196 5302 327 5358 Nitbard·
345 5302 366 5355 l.
386 5319 409 5356 c
427 5319 455 5373 p.
475 5303 547 5369 3⁷5)
566 5306 611 5369 -)
631 5319 717 5374 quum
733 5303 866 5375 Ausitani
885 5321 910 5357 a.
929 5305 988 5360 881
1001 5305 1183 5369 Ludovieum,

108 5391 200 5446 tilium
219 5387 354 5442 Lndoriei
374 5385 543 5446 Germanici,
562 5403 657 5458 regem
677 5387 872 5458 expetiissent,
891 5389 1043 5460 probibere
1062 5407 1119 5444 non
1137 5407 1184 5461 po·

108 5475 173 5537 terit,
194 5473 263 5546 qaiu
278 5471 413 5541 “papulam
433 5471 492 5542 ejece
510 5469 630 5542 prediis,
649 5469 785 5524 incendiis
804 5470 1000 5544 bominumque
1019 5473 1182 5545 captivitati·

109 5560 165 5612 bus
184 5565 277 5612 totum
294 5573 376 5610 suum
392 5555 518 5609 laborem
536 5554 720 5628 impenderet,
741 5571 793 5608 nec
812 5555 847 5608 ab
867 5557 935 5628 ipsis
954 5557 1079 5612 ecclesiia
1097 5565 1126 5611 et
1145 5557 1183 5610 al·

109 5643 219 5697 taribus
237 5659 315 5694 suana
334 5640 513 5712 cupiditatem
530 5646 559 5693 et
577 5639 718 5694 audaciam
737 5639 896 5694 cohiberet”
911 5641 1015 5709 (annal.
1029 5641 1182 5696 Rertinian

111 5727 153 5782 ad.
174 5727 202 5780 lr.
224 5731 261 5797 a.)
294 5725 422 5798 Denique
430 5725 587 5778 bodonicus
605 5742 655 5780 rea
675 5723 840 5786 Germanic,
861 5723 891 5776 in
910 5725 996 5789 bello,
1016 5731 1113 5780 contra
1133 5727 1184 5780 Ca·

111 5812 203 5868 rolnrn
219 5813 335 5866 tranem
355 5828 379 5866 a.
400 5809 530 5864 ott-oe
549 5815 642 5880 peste,
666 5816 744 5866 tanta
763 5817 835 5882 “per
852 5809 1011 5882 parochias,
1037 5826 1103 5883 qvos
1121 5827 1183 5883 pcr-

1235 666 1397 728 transibat”,
1417 667 1582 724 crudelitate
1601 685 1668 722 usus
1686 678 1738 732 est,
1758 676 1791 725 ιι
1810 669 1970 742 episcopiin
1989 669 2105 742 epistola
2124 685 2183 732 sna,
2204 669 2314 726 adeum

1236 755 1300 808 data
1319 753 1481 826 (ap.Balns.
1502 751 1521 806 l.
1541 770 1564 806 c.
1586 760 1650 808 ιοιι.
1671 753 1708 814 11,
1728 772 1755 824 p.
1778 754 1832 808 101
1854 755 1940 827 ιιι),
1962 753 2056 809 dicere
2074 762 2203 826 possano
2225 755 2314 809 “talia

1236 839 1360 894 crudelia
1379 846 1408 892 et
1427 837 1611 892 abominanda
1631 837 1692 891 lieri
1713 837 1868 892 audivimus
1874 871 2024 902 ......
2049 853 2109 911 qvas
2129 839 2314 894 calamitatem

1236 932 1265 980 et
1284 924 1438 986 miseriam,
1468 938 1550 994 qvam
1575 940 1591 976 a
1615 922 1728 993 paganis
1752 921 1888 993 patimur,
1912 921 2062 994 superant”
2088 927 2156 993 (cap.
2177 925 2231 994 8),
2259 925 2312 979 ol'r.

1236 1027 1311 1062 conc.
1331 1007 1418 1061 lllelal.
1440 1022 1462 1058 c.
1483 1007 1529 1058 27.

1302 1093 1330 1146 8.
1364 1089 1545 1164 Exprobrant
1569 1089 1658 1143 cidem
1683 1089 1805 1162 episcopi
1824 1088 1965 1146 Leonico
1994 1091 2028 1146 de
2056 1107 2105 1154 eo,
2139 1093 2214 1164 qvod
2242 1102 2313 1165 “per

1235 1191 1410 1248 qvascnnqvc
1430 1174 1601 1236 occasiones,
1632 1190 1868 1247 qvorumcumqre
1888 1173 2047 1228 hortatibus
2066 1175 2234 1230 circumibat
2253 1177 2313 1232 loca

1235 1262 1436 1333 cpiscoporum,
1455 1257 1597 1322 abbatum,
1610 1257 1813 1312 abbatissarum
1825 1257 1871 1312 vel
1885 1258 2027 1321 comitum,
2045 1266 2073 1313 et
2086 1259 2214 1332 majores,
2232 1279 2315 1334 qvam

1235 1347 1306 1400 ratio
1325 1343 1499 1416 postulabat,
1526 1349 1637 1414 paratas
1656 1342 1819 1414 caqcirere,
1848 1347 1877 1396 et
1901 1357 2038 1414 pauperes
2063 1343 2262 1398 ecclesiasticos
2285 1355 2315 1401 et

1235 1429 1360 1484 fidelium
1377 1443 1491 1480 suorum
1507 1427 1678 1480 mansuarios
1687 1427 1711 1494 ⁸)
1728 1425 1759 1480 in
1776 1426 2000 1496 carricaturis··)
2018 1432 2048 1480 et
2063 1429 2235 1498 parareridis
2252 1447 2315 1484 oon·

1235 1521 1280 1568 tra
1297 1511 1423 1568 debiturn
1440 1511 1583 1582 stipendis
1600 1511 1747 1583 peccabat,
1776 1519 1806 1565 et
1827 1519 1973 1583 peccatum
1990 1511 2024 1564 de
2041 1510 2221 1566 facultatibus
2237 1514 2315 1569 inde·

1235 1599 1295 1652 bite
1311 1597 1480 1666 consurnptis
1498 1596 1528 1649 in
1545 1595 1663 1648 animam
1680 1611 1759 1648 suam
1776 1594 1975 1666 congerebat;”
1998 1595 2049 1650 cfr.
2068 1603 2222 1650 conventus
2241 1597 2315 1650 Tici-

1235 1699 1313 1737 nens.
1332 1699 1357 1734 a.
1374 1681 1442 1744 885,
1459 1697 1518 1750 cap.
1535 1681 1567 1734 2:
1589 1687 1709 1733 “nostre
1729 1682 1766 1751 (os
1778 1675 1913 1732 laadosie'i
1925 1679 1978 1750 11)
1995 1679 2132 1752 majestati
2150 1681 2315 1736 reclamave-

1236 1775 1305 1820 runt
1321 1773 1416 1839 patres
1439 1763 1543 1827 nostri,
1569 1763 1614 1818 vel
1631 1764 1720 1818 nostri
1738 1766 1776 1833 (oe
1793 1763 1871 1832 laici)
1888 1779 1974 1835 super
1991 1781 2037 1836 eas
2054 1763 2211 1836 superfluas
2228 1767 2316 1821 iactas

1236 1851 1442 1924 inquisitionem
1468 1848 1533 1902 idco
1555 1847 1595 1900 eis
1618 1847 1793 1902 concedimus
1816 1847 1919 1902 abhinc
1943 1847 2119 1902 infuturum
2136 1848 2227 1903 nullas
2244 1851 2313 1903 alias

1236 1953 1320 2007 super
1337 1952 1383 1990 eos
1400 1933 1461 1988 lieri
1485 1931 1677 2004 inquisitiones
1700 1935 1733 2000 (oa
1755 1933 1885 2001 tributa)=
1914 1931 1969 1986 nisi
1992 1933 2067 1986 unde
2090 1933 2184 1986 Caroli
2209 1937 2315 2006 proavi,

1237 2027 1266 2073 et
1282 2021 1327 2073 avi
1343 2018 1431 2072 nostri
1449 2025 1574 2088 tempore
1595 2015 1675 2069 taeta
1697 2014 1837 2078 suerint;”
1865 2033 1898 2070 ea
1921 2015 2022 2088 oribus
2043 2016 2131 2091 igitur
2153 2017 2247 2089 colligi
2268 2035 2316 2090 po·

1237 2110 1308 2166 test,
1334 2103 1401 2157 istas
1418 2101 1667 2174 “inquisitiones,”
1691 2117 1771 2154 sacro
1788 2100 1880 2154 ordini
1896 2100 2118 2163 molesn'ssimas,
2145 2101 2222 2155 baud
2238 2104 2316 2174 regia

1237 2187 1402 2243 auetoritste
1423 2187 1473 2240 sed
1495 2186 1556 2240 siue
1579 2183 1665 2239 dubio
1688 2184 1838 2246 llissorum
1860 2183 2035 2256 quorundam
2056 2185 2214 2240 temeritate
2240 2188 2316 2258 exigi

1238 2273 1334 2328 solitas
1350 2271 1444 2326 tuisse.
1696 2256 1700 2268 ’

1306 2360 1332 2427 ·)
1350 2352 1581 2411 “Mamurium’'
1608 2352 1820 2426 “primosum
1839 2352 1998 2414 excolebat,
2023 2359 2178 2408 etcertum
2196 2371 2317 2410 censum

1238 2451 1287 2497 aut
1311 2459 1432 2496 annuam
1457 2439 1619 2512 pensionem
1647 2436 1758 2492 manino
1782 2435 1880 2510 praedii
1902 2453 1935 2490 ac
1955 2435 2038 2491 tundi
2059 2439 2225 2509 praestabat'
2248 2441 2314 2510 (lin

1239 2527 1354 2598 Glaanpe
1371 2525 1407 2579 ad
1424 2523 1451 2578 h.
1470 2525 1509 2594 u)

1307 2612 1346 2681 ··)
1365 2607 1600 2662 “Carrieatnram'
1617 2621 1761 2660 ursorum
1777 2607 1812 2674 (oa
1830 2606 2035 2677 vehiculorum)
2053 2623 2153 2678 operm

1305 2697 1333 2748 o.
1367 2692 1420 2765 Ep.
1439 2690 1617 2764 episcopan
1636 2689 1778 2753 Lndorie,
1795 2707 1819 2742 c.
1836 2692 1868 2744 8,
1887 2690 2072 2744 ‘monasteria
2090 2692 2173 2745 etiam
2187 2691 2316 2763 religiosa

1239 2787 1321 2850 atqve
1338 2779 1480 2849 praecipua
1495 2775 1692 2832 canonicorum
1711 2781 1740 2830 et
1757 2775 1956 2828 monachorum
1969 2783 2051 2848 atqve
2063 2777 2315 2832 sanctimonialium

1239 2861 1398 2916 habitacula
1415 2897 1526 2915 .....
1547 2860 1636 2914 frome
1653 2865 1761 2920 vester,
1788 2859 1925 2912 Dominus
1949 2865 2044 2914 noster
2067 2863 2105 2931 (oe
2129 2861 2246 2914 Corolia
2269 2861 2314 2930 C)

1239 2947 1341 3019 partim
1354 2945 1517 3018 juventute,
1542 2944 1645 3016 partim
1662 2943 1828 3014 fragilitate,
1844 2943 1948 3015 partina
1965 2944 2084 2998 aliorum
2100 2944 2200 3000 calliala
2217 2962 2314 3016 suppe-
2358 3003 2364 3014 ¹

1238 3032 1343 3092 stione,
1360 3029 1444 3082 etiarn
1461 3037 1489 3082 et
1506 3029 1645 3094 minam
1661 3027 1840 3090 necessitate,
1858 3027 1922 3099 qvia
1938 3027 2070 3082 dicebant
2086 3029 2239 3101 petitores,
2260 3031 2313 3083 nisi

1154 3146 1157 3155 ·
1240 3115 1280 3170 eis
1297 3115 1345 3168 illa
1361 3114 1423 3166 loca
1439 3129 1517 3166 saera
1534 3110 1666 3175 domet,
1683 3111 1719 3166 ab
1736 3127 1770 3164 eo
1787 3111 1954 3176 delicerent,
1979 3113 2084 3186 etipse
2099 3113 2248 3185 aliquando
2264 3131 2316 3186 per

1240 3217 1297 3261 vos,
1315 3197 1388 3251 sicot
1404 3214 1480 3251 nunc
1496 3204 1577 3269 paret
1594 3197 1682 3268 (leges
1700 3200 1803 3268 patet),
1821 3195 1970 3268 aliqnando
1986 3213 2037 3268 per
2053 3197 2175 3252 fratrum
2192 3205 2316 3252 vestrum

1241 3287 1278 3354 (ι,
1296 3282 1469 3349 lotharium)
1495 3298 1615 3352 repnum
1638 3279 1788 3334 destitutus
1812 3280 1848 3335 ab
1870 3281 1910 3333 eis
1927 3283 1962 3348 (oz
1978 3280 2158 3352 petitoribus)
2174 3281 2316 3352 perderet,

1241 3369 1360 3425 talibus,
1383 3367 1456 3419 eierat
1471 3365 1565 3425 sodis,
1588 3369 1714 3436 personia
1736 3365 1892 3418 commisit?
1907 3395 1943 3408 ··-
1959 3364 2039 3418 lalem
2058 3365 2227 3418 Lrsdouiereaa
2244 3381 2314 3418 com-

1240 3452 1360 3515 misisse,
1386 3457 1464 3522 patet
1485 3465 1519 3502 ea
1541 3465 1600 3521 cap.
1617 3451 1636 3504 o
1653 3446 1739 3520 ejusd.
1758 3449 1851 3521 episte
1876 3455 2021 3503 “rectores
2037 3449 2121 3502 etiam
2137 3437 2317 3505 monasterio·

1240 3555 1319 3599 rum,
1341 3535 1438 3606 quibua
1455 3533 1622 3588 monsterio
1639 3533 1806 3586 mareote
1820 3531 1890 3586 &et
1924 3533 1968 3586 be
1986 3533 2118 3586 lottario
2134 3543 2161 3587 et
2178 3535 2318 3590 baldovico

1243 3622 1291 3680 11,
1308 3618 1538 3692 imperatoribus,
1555 3618 1613 3689 apit
1634 3615 1731 3688 synod.
1754 3615 1951 3688 Regia-Tiein.
1968 3633 1991 3669 e.
2010 3618 2061 3672 18,
2088 3620 2316 3690 “sargperendum

1241 3714 1283 3760 eat
1298 3703 1464 3760 beatissimis
1480 3701 1703 3774 imperatoribus,
1722 3699 1786 3772 qvia
1802 3700 1842 3762 bi,
1860 3700 1908 3773 qvi
1924 3703 2092 3756 monasteria
2109 3701 2217 3756 etsino-
2235 3703 2316 3774 (lege

1241 3792 1332 3857 acne)
1356 3787 1454 3842 dochia
1476 3787 1530 3842 sub
1554 3783 1713 3840 defensione
1736 3785 1807 3838 sacri
1831 3784 1925 3856 palatii
1942 3793 2111 3856 posuerunt,
2137 3786 2202 3840 ideo
2218 3784 2316 3840 iecisse

1240 3874 1412 3948 probantur,
1435 3871 1508 3944 qvod
1524 3890 1541 3924 a
1558 3869 1637 3924 nullo
1653 3869 1767 3932 inclina,
1791 3887 1872 3942 qvam
1889 3888 1906 3921 a
1922 3869 2036 3924 summis
2053 3870 2237 3942 potestatibus
2253 3887 2315 3942 pro

1240 3958 1360 4030 tegenda
1377 3955 1562 4016 crediderinta
1591 3961 1619 4007 et
1639 3953 1663 4006 si
1686 3970 1719 4006 ea
1741 3961 1838 4007 contra
1855 3953 1967 4009 decreta
1983 3951 2176 4008 institutorum
2191 3957 2317 4023 persenis

1240 4043 1337 4114 qcibraa
1353 4059 1410 4096 aaa
1427 4041 1492 4094 licet
1508 4038 1653 4096 senene,
1679 4038 1733 4108 ipsi
1754 4037 1961 4110 impugnatores
1984 4037 2159 4101 efficiuntur,
2186 4037 2233 4111 qvi
2254 4055 2316 4110 pro-
2336 4055 2341 4064 ·

1240 4143 1366 4198 pugnare
1384 4121 1574 4183 debuerunt?
1603 4121 1676 4174 conf.
1699 4139 1775 4174 cone.
1794 4121 1881 4175 Meto.
1901 4137 1924 4174 c.
1940 4121 1995 4186 11,
2018 4129 2048 4175 et
2063 4122 2192 4176 Nitlaard.
2211 4123 2228 4178 l.
2248 4138 2272 4175 c.
2289 4141 2316 4194 p.

1240 4211 1310 4262 577,
1339 4208 1426 4262 “binc
1448 4207 1618 4277 [bothan-ius]
1642 4204 1842 4277 rempublicam
1864 4205 1894 4258 in
1910 4206 2032 4277 propriis
2048 4207 2146 4260 usibus
2162 4205 2316 4270 tribuebat,

1240 4293 1307 4347 binc
1324 4292 1487 4366 quibusdam
1504 4292 1663 4346 libertatem
1681 4289 1774 4352 dabat,
1786 4288 1957 4362 .qvilnmdam
1975 4295 2069 4344 autem
2085 4297 2149 4362 post
2173 4291 2317 4348 victoriam

1240 4395 1270 4432 se
1288 4376 1419 4432 daturum
1436 4374 1642 4448 promittebat.”

1309 4461 1355 4514 18.
1389 4460 1540 4514 ΔιιΙιιιιιι
1556 4459 1688 4514 lllodieus·
1699 4457 1749 4514 lib.
1766 4458 1968 4512 revelationum
1985 4457 2028 4512 ad.
2047 4476 2071 4511 a.
2088 4459 2159 4513 eoo.
2178 4469 2247 4534 “rea
2265 4462 2318 4512 tia·

1240 4545 1317 4600 aolus
1332 4544 1474 4600 arcesaint
1491 4545 1629 4618 qvcadam
1646 4543 1801 4607 maceniam,
1819 4541 2144 4604 uomineliurcbardurn,
2162 4543 2317 4612 epartibua

1240 4629 1367 4684 Lotbarii
1383 4629 1473 4700 regis,
1491 4636 1520 4682 et
1537 4628 1737 4682 eouesdmrit
1754 4629 1803 4682 illi
1818 4627 1961 4680 ecelesiam
1978 4625 2209 4688 carnutensium,
2227 4633 2260 4680 ut
2276 4643 2315 4680 cs
2363 4675 2366 4680 .

1240 4721 1283 4770 set
1298 4714 1330 4766 in
1347 4729 1379 4766 ea
1395 4711 1532 4785 pontifex,
1548 4751 1663 4770 .....
1680 4719 1710 4768 ιι
1726 4711 1797 4766 dixit
1816 4711 1957 4775 veniloni,
1975 4709 2118 4766 Smcnum
2135 4709 2267 4780 archiep,
2284 4717 2317 4763 ut

1241 4815 1305 4852 eum
1321 4797 1466 4850 ordinaret
1483 4795 1666 4868 episeopum.”
1710 4795 1766 4862 Qvi
1785 4813 1872 4868 quum
1888 4797 2137 4866 tergiversantur,
2155 4792 2316 4848 uolentibus

1241 4881 1389 4955 episcopis,
1415 4881 1462 4952 qvi
1484 4879 1520 4934 ob
1543 4880 1596 4934 lane
1619 4879 1744 4934 Senonas
1761 4888 1915 4943 venerunt,
1941 4879 2137 4934 liurelaardum
2154 4879 2316 4950 episcopum
2390 4909 2394 4918 .

1240 4966 1380 5028 ordinare,
1399 4965 1562 5035 “imperium
1580 4965 1654 5035 repis
1669 4971 1765 5034 postes
1781 4971 1810 5019 et
1827 4966 1979 5019 multorum
1991 4963 2184 5035 episcoporum
2197 4979 2229 5015 ac
2240 4963 2315 5033 prin·

1240 5051 1334 5122 cipum
1355 5050 1435 5120 regni
1456 5063 1608 5104 consensus
1629 5049 1792 5118 μαινιιιιι,
1821 5055 1850 5102 et
1871 5065 1965 5102 mense
1986 5054 2086 5120 qvarto
2108 5047 2252 5100 ordinatus
2274 5054 2317 5100 est

1240 5135 1409 5207 episeopus„
1424 5131 1428 5140 '
1445 5133 1533 5188 Cone.
1556 5131 1693 5190 blelderis.
1716 5149 1739 5187 e.
1755 5133 1805 5186 452
1832 5132 2005 5186 “cavendnm
2026 5139 2070 5186 est
2087 5170 2196 5185 .....
2214 5137 2243 5185 ιι
2260 5131 2316 5202 epi-
2427 5191 2434 5208 ⁹

1240 5221 1329 5292 scopis
1346 5225 1375 5271 et
1391 5217 1505 5288 regibus
1521 5227 1550 5271 et
1566 5217 1695 5272 omnibus
1712 5215 1922 5284 sublimioribus
1938 5215 2123 5288 potestatibus
2140 5222 2222 5287 atqve
2235 5231 2316 5268 earne·

1240 5304 1276 5358 tia
1293 5301 1449 5361 fautoribus
1467 5308 1495 5355 et
1512 5301 1679 5356 electoribus
1696 5317 1931 5374 quorumcumqre
1948 5307 2031 5373 atqve
2048 5299 2260 5353 consensoribus
2274 5302 2315 5367 (ι)

1239 5404 1290 5441 seu
1311 5385 1518 5444 ordinatoribus
1538 5386 1569 5440 in
1586 5385 1675 5457 gradu
1693 5385 1891 5448 ecclesiastico,
1917 5392 1949 5440 ut
1965 5401 2048 5440 nemo
2063 5401 2113 5454 per
2135 5385 2315 5436 simoniacam

1239 5473 1356 5526 heresin
1382 5469 1526 5542 regiminis
1541 5471 1637 5525 locum
1659 5469 1785 5524 obtineat
1805 5486 1967 5542 qvaeuuqve
1990 5469 2125 5534 factione,
2153 5469 2314 5530 ealliditate,

1238 5555 1433 5630 promissione,
1461 5571 1512 5610 scu
1533 5555 1725 5610 commoditate
1748 5561 1798 5608 ιιι
1819 5553 1968 5608 donatione
1989 5569 2040 5625 per
2057 5569 2087 5609 se
2103 5561 2153 5609 aut
2169 5571 2220 5626 per
2236 5553 2315 5608 caris

1239 5659 1297 5696 sam
1312 5638 1484 5714 personam.”

1308 5726 1353 5782 11.
1387 5723 1540 5795 Capitular.
1559 5723 1652 5779 Caroli
1670 5723 1702 5779 (Ξ.
1721 5723 1762 5778 tit.
1780 5723 1862 5787 xlv,
1880 5739 1938 5796 rap.
1955 5726 1982 5777 1.
