4986 6384
33 451 432 518 liornuuae
516 446 811 516 seclis

487 600 525 678 b)
547 601 603 662 sed
626 620 644 662 a
665 561 857 682 presulibus
871 597 1013 666 Francicl
1032 599 1154 682 imperii
1174 604 1207 660 et
1227 599 1297 680 ipso
1316 599 1473 665 Ludouico
1495 603 1531 668 Ρ.
1551 603 1678 666 minoris
1698 605 1796 677 iactae

117 719 256 786 Sequitur,
276 725 308 772 ut
329 719 475 789 trudemus,
494 737 549 788 quse
567 725 637 772 esset
656 717 813 772 hierarchice
829 717 955 772 Romame
973 719 998 769 ιιι
1017 719 1124 786 imperio
1140 717 1268 770 Francico
1289 719 1363 774 ratio.

119 825 144 875 ι.
180 822 219 873 se
236 823 353 890 pluribus
372 823 535 879 documentis
552 825 691 892 probatur,
718 821 830 874 uoluisse
845 839 945 874 sacrum
964 800 1080 875 ordinent
1095 822 1253 876 Francorum
1271 822 1388 876 Romanu
1414 825 1524 878 antistiti
1548 841 1644 893 parere.
1660 851 1694 864 —
1719 825 1837 878 Primum
1856 821 1963 878 Petrum
1981 825 2146 898 Apostolum,
2173 829 2248 897 cuius

31 929 126 997 primatu
143 926 278 980 Ιιοιιιιιιιιι
297 928 414 997 pontifex
430 943 502 982 suaru
518 929 700 981 auctoritatem
718 933 896 994 superstruere
914 926 1028 991 solebat,
1055 942 1105 980 nou
1121 927 1186 978 tanti
1206 923 1349 994 habebant,
1377 936 1406 982 ut
1422 929 1495 982 illum
1513 928 1614 998 reliquis
1631 929 1750 982 omuibus
1766 927 1889 997 apostolis
1910 931 2095 997 praeterendum
2111 950 2170 990 esse
2188 951 2248 989 een-

32 1032 146 1086 senatu.

118 1133 222 1187 [triade
239 1134 385 1187 Romsmm
404 1133 552 1202 pontificem
571 1131 656 1186 solum
670 1134 793 1187 uicarium
813 1133 886 1187 Petri
909 1149 966 1186 esse
994 1133 1131 1200 negabant.
1167 1129 1294 1185 Videlicet
1318 1148 1403 1185 ornnes
1426 1135 1575 1188 secerdotes
1591 1135 1804 1201 ciriclanorum,
1831 1142 2008 1190 ‘’successores
2032 1139 2245 1207 spostolorum¹⁴

29 1237 178 1304 etjauitores
198 1238 317 1292 coelestis
335 1237 417 1290 aulse’t
436 1238 521 1304 (conc.
537 1235 620 1290 Paris.
638 1236 688 1304 vt,
712 1253 735 1290 a.
753 1242 822 1306 829,
850 1236 892 1289 lib.
910 1235 938 1304 1,
966 1253 1024 1306 cap.
1039 1235 1087 1302 4),
1103 1234 1202 1288 ''uicesu
1221 1235 1298 1288 Petri
1311 1235 1424 1306 gererei'
1439 1239 1566 1292 affirmant
1583 1241 1667 1306 (conc.
1685 1241 1801 1308 Aquisgr.
1823 1241 1899 1308 capit.
1923 1240 1976 1306 lll,
1994 1259 2046 1296 esu.
2066 1247 2104 1312 b).
2147 1245 2247 1300 Quibus

29 1341 196 1395 conuenienter
213 1358 287 1395 cunc.
304 1341 387 1395 Paris.
408 1340 459 1406 Vl,
476 1339 520 1392 lib.
535 1338 562 1406 1,
579 1332 636 1407 cap.
654 1343 720 1394 hen
739 1321 824 1395 hisatio
844 1341 910 1394 Noui
928 1337 1043 1392 Testem.
1059 1339 1180 1408 deducit,
1195 1339 1381 1392 ”uniuersalem
1396 1348 1511 1393 sanctam
1527 1344 1576 1396 Dei
1594 1345 1727 1396 ecclesium
1745 1358 1825 1396 unum
1844 1360 1938 1413 corpus
1956 1360 2029 1412 esse,
2046 1346 2151 1417 ejusque
2169 1355 2246 1418 capnt

30 1446 174 1513 musmo,
195 1451 222 1498 et
241 1461 314 1499 cono.
332 1445 450 1515 sqvtsgr.
470 1460 527 1512 cup.
545 1443 597 1524 lli,
615 1449 704 1495 cami
723 1443 864 1512 contendit,
883 1444 1050 1497 ''sucerdotss
1067 1442 1168 1497 Christi
1183 1443 1264 1496 cicens
1280 1449 1306 1494 et
1322 1443 1492 1496 ministerium
1506 1448 1660 1516 gerere'flt.
1810 1462 1823 1500 s

127 1548 192 1602 Tum
210 1565 276 1602 uuus
291 1549 384 1602 saltem
406 1545 485 1614 holus
509 1547 556 1600 seui
580 1539 819 1618 indoctissimus,
841 1548 964 1602 Claudius
980 1535 1162 1615 Taurinensis,
1178 1548 1282 1602 titulum
1300 1547 1486 1616 ”Apostolici”,
1508 1567 1582 1618 quern
1602 1552 1713 1606 Romani
1731 1552 1854 1634 presules
1872 1553 2102 1622 pretereuntes
2121 1567 2247 1608 summam

30 1653 71 1705 sibi
85 1653 261 1706 anctoritatem
278 1667 398 1720 anegare
415 1652 548 1714 solebant,
569 1656 666 1703 tantam
684 1651 734 1702 vim
751 1649 845 1708 babere
862 1655 973 1722 negarit.
1001 1653 1199 1720 ”Apostolicus,
1217 1653 1267 1718 ait,
1284 1650 1394 1718 dicitur,
1411 1653 1482 1718 quusi
1500 1655 1616 1722 Apostoli
1635 1661 1731 1708 eustos.
1767 1655 1845 1707 Certe
1860 1672 1911 1709 nou
1926 1655 1969 1711 ille
1987 1655 2112 1710 dicendus
2127 1658 2246 1725 estdpo·

28 1756 131 1822 stolieus,
150 1757 192 1822 qvi
211 1757 236 1809 in
254 1755 378 1810 cathedra
391 1756 466 1812 sedet
475 1757 606 1826 Apostoli,
624 1752 672 1808 sed
689 1756 731 1823 qui
743 1757 920 1825 Apostolicum
937 1757 1027 1825 implet
1044 1757 1166 1810 osticium.
1208 1757 1246 1808 lte
1262 1755 1312 1808 illle
1328 1756 1410 1824 euim,
1427 1757 1467 1824 qui
1488 1773 1547 1810 eum
1562 1757 1646 1810 locum
1662 1765 1764 1822 teuent,
1778 1765 1806 1810 et
1823 1773 1872 1814 non
1888 1759 1996 1827 implent
2010 1761 2139 1827 cilicium,
2157 1759 2246 1814 Domi·

29 1875 71 1912 uus
88 1859 162 1913 dixit:
182 1861 268 1928 Super
283 1856 432 1913 cathedram
447 1861 532 1927 Moysi
548 1859 670 1913 sederunt
687 1859 786 1914 Scribas
800 1869 827 1916 et
841 1847 966 1915 Pharisrel
981 1857 1076 1924 (bisth-
1089 1863 1140 1923 ιιι,
1156 1862 1180 1911 1.
1195 1861 1241 1926 2)”
1256 1857 1360 1928 (Clsnd.
1378 1862 1480 1928 apolog.
1497 1868 1573 1929 atque
1590 1863 1706 1929 rescript.
1724 1861 1875 1916 inGoldssti
1891 1863 1952 1930 lurp.
1968 1862 2038 1918 decr.
2054 1882 2082 1933 p.
2090 1867 2143 1916 764
2152 1863 2247 1932 seqq).
2303 1883 2306 1890 ·

121 1965 218 2019 Postea
242 1964 294 2016 litis
320 1965 507 2018 iconoclasticm
529 1939 636 2018 historia
662 1942 804 2050 pqrspicuis
829 1965 991 2019 documentis
1014 1964 1131 2031 probat„
1145 1980 1220 2031 quam
1242 1980 1315 2018 sacer
1334 1964 1398 2018 ordo
1415 1965 1574 2018 Francorum
1592 1965 1702 2024 Romani
1725 1967 1848 2021 antistitis
1872 1967 2052 2022 auctoritatem
2076 1963 2147 2020 haud
2168 1967 2248 2020 inerit

28 2075 114 2120 secuta
163 2070 301 2122 Affirmant
316 2075 402 2137 patres
418 2069 511 2136 synodi
527 2067 681 2122 Purisiensls
699 2084 722 2121 a.
740 2073 809 2136 825,
836 2067 1013 2122 ”Hadrianum
1029 2067 1167 2120 indiscrete
1183 2069 1276 2122 iecisse
1293 2069 1318 2120 iu
1336 2085 1383 2134 eo,
1401 2067 1469 2138 quod
1486 2070 1665 2137 superstitiose
1682 2071 1805 2136 imagines
1825 2068 1931 2123 adorare
1949 2069 2057 2138 lussitt’,
2080 2069 2247 2138 eundemque,

28 2173 66 2224 ἰιι
80 2173 140 2242 ipsis
152 2171 341 2238 objectionibus
359 2173 496 2242 aliquando
513 2175 619 2238 absona,
636 2171 771 2239 aliquando
790 2172 1002 2239 inconvenientia,
1019 2170 1154 2238 aliquando
1170 2172 1248 2226 etism
1266 2169 1463 2241 reprehensione
1479 2172 1557 2240 dignu
1576 2175 1722 2228 testimonis
1741 2171 1895 2230 defensionis
1911 2174 1993 2240 gratia
2010 2173 2164 2243 protulisse’⁷
2180 2173 2246 2240 (sot.

28 2271 74 2341 huj.
91 2274 182 2342 synod.
197 2293 239 2345 ap.
256 2277 339 2331 Massi
355 2284 416 2335 torn.
433 2277 495 2332 XlV
512 2293 538 2346 p.
558 2275 629 2343 415).
669 2277 765 2330 Dolent
783 2275 885 2343 ddude,
903 2291 931 2328 se
947 2291 993 2344 per
1010 2274 1124 2342 legatos,
1141 2291 1205 2342 quos
1222 2275 1371 2330 Ludouicus
1381 2277 1412 2330 Ρ.
1428 2292 1487 2328 cum
1500 2277 1583 2330 Graeci
1601 2279 1763 2349 imperatoris
1778 2279 1871 2344 legetis
1887 2277 1997 2330 Romam
2011 2277 2044 2332 sd
2060 2256 2206 2344 Eugenimn
2219 2279 2246 2332 11-

31 2380 138 2449 uiserat,
158 2379 326 2456 cognouisse,
351 2381 476 2448 ”qualiter
492 2381 584 2447 partius
599 2380 715 2434 ueritatis
730 2381 887 2448 ignorantia,
904 2381 997 2448 partim
1016 2380 1132 2446 pessinme
1148 2379 1337 2434 consuetudinis
1356 2397 1403 2434 usu
1421 2377 1500 2447 hujus
1519 2383 1708 2450 superstitionis
1724 2381 1804 2450 pestis
1825 2381 1874 2437 illie
1896 2383 1938 2449 (ee
1956 2381 2065 2448 italicis)
2085 2383 2111 2435 in
2129 2384 2246 2452 partibus

29 2484 181 2537 inolevisset’t
199 2482 286 2550 (ibid),
300 2481 376 2549 atque
393 2491 539 2538 ”summum
561 2483 713 2553 Imperatori
728 2484 753 2536 in
771 2499 803 2538 eo
820 2484 981 2537 ebstscnlum
995 2483 1089 2548 tuisse,
1104 2481 1173 2549 quod
1191 2499 1250 2552 pars
1267 2484 1310 2536 ills
1328 2485 1370 2550 (or
1386 2485 1502 2554 pontifex
1517 2485 1677 2554 Romanus),
1695 2501 1750 2554 quse
1765 2482 1876 2538 debebat
1892 2491 1977 2537 errata
1990 2487 2136 2554 corrigere,
2150 2455 2254 2554 susquel
2274 2517 2277 2526 ·

29 2589 171 2644 anctoritate
190 2583 300 2654 hujusce
315 2587 506 2656 superstitionis
521 2588 601 2641 errori
617 2587 714 2652 obniti,
738 2589 795 2657 ipsa
812 2603 918 2655 prorsus
935 2587 1018 2641 eidem
1035 2587 1211 2655 superstitioni
1228 2603 1279 2642 non
1297 2589 1381 2644 solum
1401 2586 1496 2657 [hund]
1517 2590 1648 2658 resistere,
1672 2589 1854 2643 verumetiam
1872 2591 1975 2643 incauta
1991 2587 2138 2642 detersione
2156 2594 2246 2641 contra

29 2691 128 2747 diuinum
146 2693 328 2747 auctoritatem
346 2699 373 2746 et
388 2691 543 2744 Sanctorum
558 2691 666 2745 Petrum
685 2691 755 2746 dicta
776 2692 1075 2758 nitebatursud'ragari”
1093 2691 1180 2759 (ibid).
1215 2692 1311 2747 Volunt
1334 2693 1441 2761 denique
1459 2699 1488 2746 nt
1505 2690 1564 2760 hic,
1593 2695 1701 2747 veritate
1722 2709 1755 2747 eu
1777 2693 1930 2747 testimoniis
1945 2693 1994 2747 SS.
2011 2693 2202 2760 scripturarum
2219 2697 2247 2746 et

28 2799 152 2851 sententiis
167 2797 216 2848 SS.
231 2795 340 2848 Petrum
358 2795 383 2848 iu
401 2795 515 2848 medium
534 2796 646 2862 prolatu,
662 2795 769 2849 ''uoleuu
784 2796 921 2865 soleasque
936 2797 1036 2849 ueritati
1054 2795 1158 2850 cederet
1175 2803 1251 2864 atque
1266 2798 1461 2850 succumberet·
1479 2796 1728 2864 (ibidtsPnstrerno
1747 2799 1774 2850 iu
1791 2797 1873 2865 bsllls,
1890 2813 1946 2865 quse
1965 2795 2114 2850 Ludouicus
2133 2795 2165 2849 Ρ.
2184 2809 2248 2850 cum

28 2903 83 2954 tiliis
99 2901 151 2954 suis
166 2897 287 2967 gerebat,
314 2917 387 2953 sacer
402 2899 467 2954 ordo
485 2899 643 2954 Francorum
665 2899 775 2954 Romani
796 2899 912 2968 presulis
926 2901 1106 2955 auctoritatem
1124 2918 1229 2970 prorsus
1247 2903 1393 2970 spernebat.
1440 2901 1548 2971 Plurimi
1566 2901 1680 2972 episcopi
1700 2909 1786 2971 psrtes
1801 2902 1911 2956 filiorum
1928 2899 2091 2970 Imperstotjs
2108 2901 2267 2968 coquebam·

30 3017 85 3068 tsr3
108 3019 185 3072 neque
201 3009 286 3057 tumen
304 3003 446 3072 Gregorius
461 2981 506 3070 tv,
524 2989 674 3073 quamquam
695 3021 783 3058 coram
798 3003 930 3058 erdovico
945 3005 1011 3075 lmp.
1029 3005 1122 3076 lterum
1143 3005 1285 3073 iterumque
1301 3005 1453 3073 sillrmsrat,
1478 3021 1506 3058 se
1523 3005 1574 3058 iter
1594 3003 1656 3058 illud
1673 3004 1737 3073 (uid.
1755 3023 1782 3074 p.
1796 3008 1843 3073 us)
1860 3005 2021 3073 suscepisse,
2046 3009 2094 3056 ”ut
2113 3019 2202 3072 pacem
2219 3004 2246 3058 la

30 3111 155 3177 utrumqne
172 3114 270 3176 partem
289 3116 402 3161 sereret”
417 3107 577 3178 (bettonem.
595 3110 612 3163 ι.
627 3127 649 3164 c.
669 3127 695 3178 p.
710 3107 788 3177 ³09),
806 3109 939 3176 quioniam
957 3116 1046 3188 contra
1064 3110 1129 3163 istos
1146 3110 1283 3176 episcopos
1298 3109 1429 3177 suscipere
1445 3125 1524 3164 susus
1539 3114 1596 3176 est;
1617 3105 1645 3161 bi
1662 3116 1748 3163 summ
1766 3110 1809 3163 illo
1828 3111 1903 3180 plane
1917 3108 2062 3162 inconsulto
2077 3123 2177 3160 nuncu
2192 3094 2245 3162 L'u-

29 3215 112 3268 dorico
130 3213 295 3273 deiecerunt,
321 3227 389 3264 nuuc
411 3213 437 3265 in
458 3212 515 3280 ejus
541 3213 651 3283 gretiam
679 3210 827 3280 redierunt,
847 3201 919 3266 'nunc
940 3214 1048 3268 rebelles
1065 3215 1201 3282 episcopos
1220 3212 1369 3264 muneribus
1388 3213 1441 3265 suis
1461 3212 1607 3281 privarunt,
1632 3229 1700 3266 nuuc
1717 3213 1808 3268 iisdem
1827 3211 1875 3267 hos
1892 3218 2023 3266 ornarunt.
2062 3209 2153 3266 Qutdt
2176 3209 2245 3280 quod
2303 3197 2307 3206 ’

29 3327 116 3386 ”quum
135 3331 224 3370 rumor
238 3331 421 3384 usquecunque
441 3323 615 3373 sereret
634 3317 668 3372 de
685 3317 756 3386 Paps
768 3317 900 3384 Romano,
917 3317 985 3385 quod
1002 3318 1062 3372 ideo
1083 3316 1200 3384 adesset,
1218 3323 1247 3369 ut
1265 3323 1318 3368 ιιιιι
1335 3315 1517 3386 imperatorem
1532 3331 1606 3383 quam
1623 3317 1759 3385 episcopos
1773 3314 2042 3370 excommnuicationis
2058 3315 2165 3368 uinculis
2182 3316 2246 3370 irre·

28 3425 71 3478 tire
85 3424 175 3490 uellet,
193 3421 216 3476 si
234 3422 276 3488 qui
294 3421 472 3477 inobedientes
486 3431 574 3478 essem
587 3403 642 3477 sore
656 3424 816 3491 liliorumque
834 3420 1000 3490 Imperatoris
1018 3423 1171 3490 uoluntati',
1188 3419 1306 3474 Francici
1323 3419 1436 3488 episcopi
1454 3426 1632 3488 asseruerunt,
1655 3420 1742 3502 ”nullo
1757 3418 1842 3484 modo⁴
1853 3435 1881 3473 se
1898 3419 1961 3472 uelle
1978 3416 2033 3485 ejus
2048 3419 2172 3472 uoluntati
2186 3435 2244 3472 suc-

28 3529 158 3594 cumbere3
176 3525 223 3580 sed
242 3526 263 3578 si
279 3528 548 3581 excommunicaturus
563 3503 708 3593 adueniret,
729 3526 965 3580 excommunicatas
982 3525 1080 3578 abiret’t
1096 3525 1253 3592 (dstrouom.
1270 3525 1286 3576 l.
1302 3530 1329 3577 et
1346 3523 1362 3576 Ι.
1381 3523 1416 3592 c.)
1455 3523 1601 3578 Quinimmo
1617 3523 1715 3576 litteras
1729 3524 1753 3578 ei
1771 3525 1910 3591 miseruut,
1935 3523 1961 3575 iu
1979 3521 2070 3591 qulbus
2084 3523 2244 3592 objicientes,

28 3639 97 3685 ”eum
112 3627 185 3684 haud
202 3637 362 3698 reverenter,
377 3629 425 3684 sed
441 3629 475 3683 ad
496 3629 613 3696 iniuriam
629 3637 656 3684 et
674 3627 912 3684 dehonestationem
927 3629 1065 3699 imperialis
1082 3629 1236 3700 poteatstis”
1253 3627 1287 3682 ud
1304 3629 1486 3697 Imperatorem
1504 3627 1658 3695 accessisse,
1681 3635 1851 3697 monuerunt,
1870 3627 2044 3696 ”jussionem”
2058 3626 2244 3708 elusimpersll

26 3737 137 3800 jussione
153 3735 240 3788 minus
255 3749 358 3802 grauem
375 3735 424 3804 sibi
440 3734 534 3801 rideri,
561 3743 638 3802 utque
655 3736 858 3800 sifinnauerunt,
880 3743 971 3802 ’'enm,
987 3733 1036 3786 nisi
1052 3733 1193 3786 secundnm
1211 3734 1368 3787 uoluntatem
1386 3747 1459 3785 susm
1473 3730 1516 3798 (ιι
1532 3730 1658 3800 ipsorum)
1673 3732 1799 3800 uenisset,
1816 3748 1866 3787 nun
1884 3728 2031 3784 habiturum
2049 3746 2106 3784 esse
2122 3732 2244 3786 ecclesia

28 3859 80 3896 sues
97 3845 139 3909 (es
157 3842 285 3910 ipsorum)
301 3845 483 3892 consentaneas
507 3835 552 3892 sed
569 3840 594 3892 ιιι
616 3845 717 3892 tantum
733 3837 890 3902 contrarias,
914 3843 943 3889 ut
960 3835 1023 3890 nihil
1041 3839 1065 3891 ei
1080 3839 1105 3891 irs
1120 3837 1174 3891 suls
1192 3833 1320 3906 parochiis
1335 3851 1413 3903 agere
1428 3837 1467 3888 uel
1483 3835 1620 3904 disponere
1636 3834 1740 3905 licerett'
1759 3835 1852 3904 (Haud.
1871 3838 1887 3890 ι.
1905 3855 1928 3890 c.
1946 3836 1992 3904 lt,
2007 3855 2033 3906 p.
2052 3835 2242 3906 idib—tw.

27 3947 109 4016 Neqre
124 3945 175 4000 hoc
191 3943 276 3997 anirno
294 3943 341 3994 soli
359 3944 376 3996 ii
392 3943 505 4011 episcopi
524 3951 611 4010 erant,
635 3921 721 4014 quiin
739 3944 807 3997 bello
824 3938 874 3992 buc
891 3940 956 3992 ciuili
972 3958 988 3994 a
1006 3943 1121 4010 partibus
1136 3940 1262 3994 Ludouici
1280 3940 1310 3993 Ρ.
1328 3939 1439 3992 stabant.
1486 3938 1545 4006 lpse
1565 3953 1626 3991 uero
1640 3938 1806 4008 Agobardus,
1829 3942 1967 4010 episcopus
1979 3936 2177 4006 Lugdunensis,
2199 3931 2242 4006 q'ui
2273 3992 2278 4000 ,

27 4048 140 4104 lothan'i
158 4056 246 4118 partes
260 4063 362 4102 summo
379 4046 467 4101 studio
482 4049 651 4116 sequebatur,
677 4049 704 4102 in
721 4047 831 4118 epistola
848 4044 881 4098 ad
896 4043 1056 4098 Ludouicum
1074 4044 1122 4116 1³„
1142 4061 1197 4112 quas
1215 4042 1376 4097 inscribitur:
1392 4039 1443 4094 ”de
1460 4041 1649 4111 comparatione
1664 4042 1795 4112 utriusque
1809 4045 1954 4113 regiminis,
1972 4042 2179 4108 ecclesisaticiet
2197 4055 2242 4110 po·

26 4153 122 4221 litici”,
141 4150 199 4206 hec
217 4152 294 4206 uerba
310 4151 460 4218 grauissima
480 4147 571 4206 hebete
589 4161 691 4218 ’‘cems‚
710 4151 908 4206 clementissime
923 4150 1046 4216 Domine,
1073 4152 1094 4204 sl
1112 4164 1180 4203 nnnc
1194 4147 1336 4214 Gregorius
1350 4145 1423 4214 Papa
1439 4146 1645 4199 irrationabiliter
1660 4151 1688 4200 et
1706 4145 1739 4199 sd
1757 4147 1922 4216 pugnandum
1938 4149 2022 4215 uenit,
2044 4147 2137 4202 aeuo
2152 4151 2179 4200 et
2192 4161 2240 4216 prs-
2261 4167 2266 4178 ·
2348 4175 2354 4188 ι

25 4268 121 4326 gantur
139 4265 165 4314 et
180 4257 302 4326 repulsus
325 4257 426 4328 recedet
436 4291 589 4310 .........
630 4259 658 4310 Si
680 4257 748 4312 enim
769 4254 837 4324 quod
860 4261 944 4308 uestra
959 4255 1089 4308 uoluntate
1102 4259 1130 4306 et
1145 4258 1274 4322 potestate
1290 4267 1350 4304 cum
1365 4265 1491 4320 consensu
1509 4249 1590 4304 totius
1607 4249 1709 4318 imperii
1723 4251 1800 4324 uestri
1817 4251 1915 4305 tectum
1929 4259 1970 4306 est
1985 4258 2013 4305 et
2026 4259 2117 4322 postea
2133 4251 2159 4306 lu
2174 4249 2243 4321 Apo·

26 4365 114 4416 stoica
129 4361 192 4417 sede
209 4362 403 4422 roboratoru¹⁰,
417 4355 468 4412 hoc
484 4361 538 4414 uult
553 4361 579 4414 iu
595 4362 730 4430 pristinum
741 4359 863 4414 reducere
878 4363 985 4425 statum,
1002 4357 1065 4410 satis
1082 4356 1238 4424 retlonsbills
1252 4363 1279 4409 et
1293 4362 1455 4423 opportunus
1471 4361 1512 4426 est
1529 4353 1584 4421 ejus
1604 4351 1738 4409 aduentus.
1778 4353 1844 4408 Quis
1859 4353 2124 4425 nullstmusqrodita
2131 4361 2242 4422 estonu-

26 4468 147 4522 stitutum
163 4483 180 4518 a
193 4465 267 4519 uobis
284 4463 385 4518 debetis
402 4470 511 4516 mutare.
545 4463 600 4518 Nec
618 4465 686 4518 enim
703 4465 758 4518 siue
775 4463 847 4530 graui
864 4461 978 4530 periculo
990 4470 1018 4516 et
1032 4467 1104 4516 resto
1117 4443 1209 4514 huiusce
1224 4460 1278 4513 tlerl
1297 4465 1407 4527 potest”.
1433 4458 1538 4512 Scilicet
1553 4455 1700 4511 Ludouicus
1716 4457 1781 4526 imp.
1799 4473 1830 4511 eo
1848 4457 2132 4536 temporeAIsothsrlum
2149 4457 2240 4518 hlium,

23 4571 175 4636 jamdudum
190 4569 298 4638 imperio
314 4583 329 4618 s
353 4582 381 4619 se
399 4567 502 4635 suisque
519 4567 651 4621 admotum
668 4574 695 4621 et
713 4568 804 4621 ιιιιιιιι
819 4573 981 4629 coronatum,
998 4563 1049 4619 hoc
1067 4563 1158 4618 eodem
1176 4565 1325 4632 privarent.
1365 4561 1451 4616 Quare
1467 4559 1620 4628 dgobsrdo,
1635 4557 1759 4614 botherio
1776 4562 1885 4626 inuenti,
1905 4569 2101 4632 ‘’opportunus”
2115 4563 2184 4616 uisus
2199 4565 2241 4616 est

25 4675 151 4730 aduentus
171 4672 290 4738 Gregorii
311 4669 344 4723 ad
360 4671 424 4723 irsm
442 4670 567 4724 Ludouicl
585 4669 797 4738 componendam.
829 4669 901 4723 ldens
921 4686 980 4722 uero
994 4667 1149 4723 ’'comessui
1161 4668 1242 4722 totius
1262 4666 1382 4737 imperii'
1398 4666 1438 4734 (os
1455 4667 1568 4719 omnium
1585 4663 1704 4718 ordinum
1718 4662 1846 4734 ipsiusque
1860 4667 2033 4735 imperatoris)
2050 4681 2174 4720 summam
2195 4666 2239 4719 ιιι-
2271 4645 2279 4662 ”

25 4779 78 4831 buit
92 4776 293 4840 auctoritatem,
315 4789 390 4842 quam
406 4789 546 4828 cousensus
559 4774 708 4843 apostolicus
724 4771 793 4826 sedis
811 4777 964 4828 ‘’roborare”
982 4771 1024 4838 (ee
1044 4773 1180 4826 sanctitate
1197 4789 1245 4828 sus
1262 4773 1424 4839 continuare)
1440 4768 1542 4838 quidem
1563 4775 1664 4837 posset,
1681 4765 1751 4822 haud
1768 4785 1827 4824 uero
1844 4770 1983 4838 abrogare,
1999 4776 2028 4824 et
2045 4785 2122 4838 penes
2139 4783 2240 4823 sacrum

25 4881 140 4936 ordinem
156 4877 285 4948 judicium
302 4894 360 4932 esse
374 4876 470 4944 uoluit,
496 4883 583 4928 utrum
599 4877 706 4930 sntistes
727 4876 859 4930 Romnum
881 4877 953 4944 juste
973 4891 1005 4929 sn
1026 4874 1121 4941 injuste
1142 4883 1240 4942 ageret.
1289 4877 1377 4944 ltsque
1396 4871 1549 4941 sigobardus
1571 4873 1637 4927 sacri
1662 4872 1760 4926 ordinis
1781 4874 1960 4928 suctoritatem
1977 4873 2087 4927 Romani
2112 4873 2239 4942 pontilicis

25 4987 182 5039 sonoritate
199 4981 325 5058 malorem
341 4997 399 5034 esse
413 4979 556 5034 aitlrmsuit.
573 5005 608 5019 -

133 5093 161 5143 2.
196 5087 280 5142 Quam
294 5084 335 5140 his
355 5086 419 5139 locis
437 5084 556 5137 omuibus
571 5082 684 5152 episcopi
700 5081 836 5137 Ludouico
851 5085 915 5152 lmp.
931 5083 1061 5136 vindicant
1076 5089 1230 5150 potestatem
1250 5083 1397 5151 pontificiali
1413 5083 1566 5137 auctoritate
1582 5081 1721 5152 majorem,
1745 5081 1853 5136 eundem
1872 5079 2020 5135 Ludouicus
2037 5079 2086 5132 sibi
2102 5079 2158 5148 ipse
2171 5083 2240 5132 arro*

25 5197 104 5260 gerit.
146 5193 199 5248 Hic
216 5195 283 5258 enim
303 5195 329 5245 in
348 5201 363 5226 ’³
372 5196 501 5260 praecepto
509 5195 525 5222 ”
543 5188 689 5255 ιιιιιιιιιιιιι
708 5186 855 5255 contendit,
881 5189 1037 5241 ”ecclesism
1054 5185 1205 5240 catholicam
1228 5195 1303 5254 etque
1325 5163 1491 5256 spostoltc'sn
1512 5189 1561 5240 sibi
1578 5189 1720 5259 regendum
1737 5187 1940 5342 ιιιὼιφξιι
1956 5180 2060 5238 Christo
2079 5183 2239 5238 commissam

26 5301 111 5364 ssse'’‚
128 5315 158 5352 se
176 5304 261 5350 antem
277 5297 312 5364 ob
329 5310 384 5348 eam
404 5308 507 5346 causam
526 5293 632 5364 ”aptum
649 5293 732 5346 locum
750 5293 874 5360 elegisse,
902 5294 945 5346 nbi
962 5291 1050 5347 sedem
1067 5291 1236 5363 episcopalem
1258 5307 1303 5358 per
1323 5287 1372 5344 hoc
1392 5307 1446 5346 sure
1465 5293 1626 5348 auctoritatis
1646 5297 1803 5363 praeceptum
1827 5295 1896 5344 stetu
1912 5287 1980 5356 rct’,
2001 5286 2074 5356 eique
2089 5287 2239 5358 husgerium

25 5401 249 5473 urchiepiscopum
266 5401 411 5471 prefecisse
427 5399 529 5468 (Belus.
548 5398 564 5451 l.
584 5415 606 5451 c.
626 5414 651 5465 p.
669 5401 719 5450 uel
738 5395 831 5463 seqq).
2233 5383 2235 5390 ’
