4986 6384
99 452 125 505 in
140 449 254 504 ecclesiis
272 448 489 506 Cathreslalibur
506 451 629 506 44444444.
644 450 715 524 (444
734 451 782 506 llu
803 451 920 524 CbanJJe
938 451 1067 508 6444444..
1080 452 1159 507 Tem.

122 573 181 674 4.
214 617 418 672 “Sacellum'’
434 626 477 674 eat
492 620 552 674 fisci
569 626 676 682 custus,
693 636 729 674 ex
744 636 836 675 saccos
853 619 935 684 ἥσω,
952 621 1093 676 44444444.

11 739 14 777 ¹.
153 702 441 757 aestuabamus
458 719 488 760 se
504 705 652 760 4444444444
667 704 740 767 ficri,
757 721 872 778 seseque
889 705 995 760 absolsi
1012 707 1049 760 ab
1061 704 1160 760 eodem

11 796 14 825 ¹
96 785 268 842 Gomtantino
289 787 445 859 petierunt,
471 789 502 844 in
525 789 693 846 monasterio
715 788 869 843 Salutaris
891 790 1018 845 Domini
1022 788 1158 846 44444444.

94 869 192 926 Christi
207 872 344 943 proficiam
368 879 539 953 4444444444,
556 874 616 929 44444
632 874 824 929 monachicam
841 875 902 930 4444
918 881 1095 946 nrsccptnros
1111 874 1158 928 ba·

92 952 184 1008 litam.
215 955 404 1029 Sosecptoqvc
420 955 458 1008 ab
475 957 572 1012 codem
584 957 786 1030 Christoplaoro
797 958 962 1013 rrinioerio
974 965 1157 1022 mnenon,

92 1039 200 1092 44444444
220 1041 338 1096 credens
358 1057 407 1096 eos
428 1041 563 1096 44444446
584 1044 728 1112 (sn-at
718 1061 750 1097 ιιι
772 1043 829 1102 rita
850 1041 950 1114 Stepb.
972 1041 1156 1113 tv.(o=1u)

8 1129 9 1176 i
91 1141 116 1197 p.
134 1124 221 1194 474)

151 1211 178 1264 6
211 1209 297 1264 lianc
312 1209 359 1263 alii
377 1207 553 1280 Stephanum
570 1210 620 1264 lv,
638 1211 798 1273 4444444444
815 1210 853 1265 cl.
869 1210 972 1264 not2.

151 1294 177 1347 7.
211 1293 447 1356 “Constantinum
471 1293 538 1348 dum
555 1295 689 1349 deductus
706 1296 744 1349 ad
759 1296 883 1349 medium
900 1301 988 1358 esset,
1010 1301 1040 1349 et
1056 1311 1157 1368 magna

89 1377 234 1448 pondera
224 1395 256 1432 ιιι
278 1377 338 1449 rJ'us
357 1378 521 1432 adlaibentes
536 1379 682 1450 pedibus'
673 1397 704 1434 ιιι
720 1379 791 1434 44414
807 1376 940 1433 muliebri
957 1378 1054 1434 eadere
1071 1396 1156 1451 super

89 1478 182 1535 carum
198 1461 351 1518 ternum?
392 1462 538 1516 Postlmc
529 1481 561 1516 m
576 1470 658 1517 coetu
676 1463 793 1538 prodam
811 1461 991 1528 clericorum,
1016 1463 1156 1518 “ltlauria

88 1562 135 1619 nas
150 1545 336 1600 subdiaconus
352 1547 475 1600 orariam
493 1547 528 1602 de
545 1545 605 1617 ejus
621 1547 694 1602 eollo
711 1547 844 1613 abstulit,
866 1555 895 1603 44
911 1554 976 1603 ants
993 1547 1121 1620 pcdcs
1096 1565 1155 1618 cJus

87 1628 205 1704 projecit,
221 1637 252 1685 et
268 1647 413 1704 compages
428 1633 515 1704 ipaa'us
528 1630 674 1686 44444446·
708 1631 761 1686 llis
777 1632 888 1703 injuriis
904 1633 1019 1686 allectus
1037 1632 1088 1684 “in
1099 1648 1155 1684 mo·

87 1715 233 1770 444444444444
249 1715 415 1772 cellanova·
431 1723 558 1770 44444144
574 1714 642 1770 est.”
681 1715 739 1770 Sed
759 1717 855 1789 paucis
876 1723 940 1787 pust
963 1714 1062 1771 diebus
1084 1716 1154 1771 nili-

6 1803 10 1877 (
87 1805 125 1851 tes
140 1799 250 1872 qridam
268 1809 353 1854 “enm
370 1816 404 1854 ex
421 1800 482 1870 ipso
499 1797 641 1870 ejicientes
663 1801 832 1864 monaterio,
858 1799 917 1871 ejus
940 1806 1076 1856 eruerunt
1092 1817 1155 1854 oeu-

86 1880 132 1945 ios,
147 1889 175 1936 ct
191 1899 294 1938 cecum
310 1885 341 1938 in
357 1885 448 1956 platea
461 1884 600 1956 jacentem
616 1884 816 1958 reliqrcrunt”.
842 1887 952 1953 (Anam.
962 1903 991 1957 p.
1005 1885 1154 1953 4744-76).

146 1968 173 2021 6.
207 1968 389 2032 **Ρ4444444444,
415 1969 502 2024 4444444
523 1970 678 2042 privatum,
702 1968 734 2022 in
756 1968 954 2023 monasterium
978 1968 1007 2023 S.
1025 1969 1154 2024 Silvestri

88 2051 269 2106 donemur!
286 2052 384 2123 (44444)

9 2201 10 2220 ¹
144 2136 171 2189 o.
206 2136 406 2191 “Theodorum
422 2137 704 2210 comprehendentes,
721 2144 858 2192 eruerunt
874 2138 969 2192 ocalcs
985 2143 1015 2192 et
1031 2137 1154 2209 linguam

86 2216 123 2272 illi
142 2220 291 2276 4444444444
312 2221 552 2292 amputaverunt.”
590 2221 702 2289 'Qvibns
723 2221 804 2277 iactis
827 2230 913 2276 “eum
933 2221 964 2274 in
985 2222 1153 2275 monasterio

86 2301 153 2358 64444
163 2301 262 2358 Scauri
279 2304 388 2360 44444444
405 2305 544 2372 lecerunt,
560 2307 610 2361 ubi
628 2308 701 2360 lamo
718 2314 746 2361 ct
762 2307 809 2360 siti
826 2322 961 2369 4444444444,
979 2305 1152 2379 clamansqrc

9 2379 10 2382 ¹
85 2403 183 2460 aptam,
199 2389 241 2443 ita
257 2389 398 2444 exhalavit
413 2390 560 2462 spiritnm”
577 2390 674 2462 (ibid)

10 2541 11 2544 Ἴ
146 2473 189 2526 lt).
223 2472 355 2529 “Debent
371 2474 501 2529 nobilitas
517 2483 567 2530 tua
583 2476 609 2531 ei
626 2477 664 2544 (o.
681 2474 805 2531 exarebn
816 2461 983 2546 liarennat.)
998 2427 1151 2538 adhaerere,

10 2550 11 2560 ¹
86 2561 110 2608 st
125 2573 184 2610 enm
201 2575 235 2614 44
253 2565 348 2612 nostru
365 2560 426 2614 rice
447 2561 553 2632 pariter
577 2560 735 2624 decertare,
763 2566 797 2614 nt
816 2560 853 2612 ad
874 2558 1025 2631 pristinum
1048 2567 1151 2614 statum

85 2649 174 2696 4444441
191 2641 391 2714 Reipublicae
381 2661 413 2696 ιιι
430 2645 571 2715 imperiali
587 2645 698 2698 44444444
715 2645 899 2706 dominorum,
914 2645 1037 2716 filioram
1050 2653 1151 2698 4444444-

82 2742 135 2776 ruas
150 2725 254 2780 Leonis
272 2732 300 2780 ct
318 2729 504 2791 Constantini,
521 2743 686 2802 magnorum
701 2729 911 2801 imperatorum,
927 2729 987 2800 ipsa
1004 2734 1150 2782 revocetur

80 2805 271 2880 Ravennatnm
288 2811 400 2875 civitas,
424 2820 458 2865 nt
478 2813 539 2867 celo
556 2819 585 2866 44
602 2827 695 2866 amore
712 2821 812 2867 sanetae
828 2812 894 2868 44444
911 2819 1013 2867 normas
1029 2812 1060 2865 in
1076 2818 1150 2866 statu

80 2892 237 2965 reipublice
254 2903 283 2949 44
299 2897 441 2965 imperiala·
455 2898 566 2950 servitio
580 2899 658 2968 firmi
671 2899 826 2968 persiam,
845 2897 957 2950 domino
973 2904 1148 2970 cooperante,

80 2977 232 3034 4444444444·
249 2979 375 3048 (llarunii
393 2982 484 3036 annai.
503 2982 546 3035 ad.
564 3000 588 3038 a.
605 2983 672 3044 726,
689 3000 734 3036 ιιι.
750 2982 811 3052 27).

140 3063 184 3120 44.
219 3057 382 3135 6444444οὸ4.
399 3083 462 3138 pap.
480 3065 537 3118 642
556 3083 596 3138 sq.
613 3067 650 3120 44
665 3065 755 3120 l’aris.

140 3147 183 3202 42.
216 3149 326 3204 Aaou.
346 3150 378 3203 P.
395 3150 455 3211 tv,
473 3167 534 3220 pag.
552 3149 610 3202 247
628 3150 671 3204 44.
692 3150 762 3204 Ven.
946 3174 948 3180 ·

141 3233 183 3292 lli,
217 3234 326 3287 Annei.
344 3233 393 3289 lib.
411 3235 477 3297 XV,
495 3250 520 3286 c.
536 3234 565 3296 4,
582 3251 644 3305 pap.
664 3233 721 3289 404
736 3251 793 3309 seq.
812 3234 891 3289 Tem.
909 3233 946 3291 44.
963 3233 1006 3290 44.
1024 3233 1113 3288 Paris.

140 3318 184 3372 44.
219 3315 377 3390 compend.
394 3317 533 3372 historiar.
550 3335 575 3390 p.
595 3319 663 3382 4447,
681 3319 724 3372 ed.
742 3319 831 3374 Paris.

138 3404 183 3456 444.
220 3401 318 3456 “Cura
344 3409 376 3456 tu
401 3419 453 3455 nos
477 3403 627 3458 defendere
652 3404 768 3459 minime
792 3403 895 3476 possis”
919 3402 1071 3473 (flodoin
1096 3404 1148 3468 lV,

80 3503 104 3556 P
141 3491 183 3626 46.
221 3570 320 3626 Verba
342 3587 430 3640 presa
453 3571 507 3624 lsoe
528 3578 607 3624 sunt·
635 3577 665 3622 οι
685 3547 773 3625 κατὰ
792 3579 900 3645 καιρον
920 3505 951 3625 lt
972 3548 1072 3643 Pupp
1093 3558 1147 3624 δια

80 3660 129 3726 την
148 3631 272 3727 &prium
293 3646 488 3718 aristereon
505 3656 592 3727 igitur
608 3657 757 3727 tepentem
775 3665 828 3712 444
847 3658 949 3712 noan.

140 3740 182 3795 47.
218 3739 290 3794 ttae
304 3739 426 3811 intelligi
443 3739 528 3794 444444
545 3739 581 3794 44
597 3741 765 3804 iconodulis,
791 3759 860 3815 qvos
876 3743 934 3796 Leo
958 3741 1056 3796 durius
1078 3749 1148 3798 trac·

80 3822 155 3877 tabat.
189 3825 256 3896 lpsa
274 3825 353 3896 epist.
372 3824 476 3896 legitur
494 3825 632 3878 llarduin.
650 3825 669 3877 1.
688 3841 712 3882 4.
729 3826 808 3889 Ten,
827 3826 880 3890 44,
896 3828 958 3899 p.l
978 3843 1055 3899 seqq.

139 3909 183 3964 46.
218 3908 306 3964 444444
322 3907 386 3962 4444
405 3909 503 3971 dubet,
521 3909 594 3983 qvod
610 3912 737 3964 anastas.
750 3909 769 3964 l.
782 3927 805 3962 c.
816 3927 844 3982 p.
858 3910 914 3964 466
929 3919 1038 3966 narrat:
1056 3911 1149 3966 “item

79 3990 226 4066 imaginem
248 3991 357 4046 suane
375 3993 429 4046 ilci
451 3993 608 4047 Genetricis
630 3995 771 4066 antiqram
793 3996 999 4066 deargentavit,
1025 4013 1056 4050 44
1072 3997 1147 4052 insc-

78 4075 148 4132 stirit
163 4085 284 4151 argento
299 4076 489 4140 mundissimo,
506 4093 583 4150 pun.
600 4079 650 4132 lib.
668 4077 890 4152 qrinqsaginta.”

123 4162 184 4218 so.
219 4161 384 4234 lbecpban.
402 4160 420 4214 4.
439 4177 463 4214 e.
480 4179 507 4232 p.
525 4163 596 4226 4444
616 4161 736 4216 Gedren.
755 4163 774 4218 l.
792 4169 821 4216 44
837 4164 856 4217 4.
875 4180 898 4217 c.
973 4179 976 4185 ’

137 4247 184 4301 26.
219 4246 283 4300 4444
304 4245 381 4317 eeqvi
403 4244 517 4302 ridetur
539 4263 576 4303 ea
591 4246 685 4300 serbis
702 4249 827 4301 Anastat.
844 4246 864 4300 l.
881 4263 904 4300 c.
920 4264 948 4319 p.
967 4249 1036 4305 4644
1061 4257 1148 4322 “post

77 4328 130 4384 4444
146 4331 364 4403 [Geminum
381 4329 428 4399 44.]
445 4333 586 4402 requirens
602 4330 718 4386 4444444444
734 4330 888 4403 apostolicae
904 4333 994 4397 sedis,
1023 4335 1070 4406 qvi
1094 4334 1146 4388 ibi-

77 4413 135 4469 dem
159 4417 192 4471 444
219 4423 337 4483 tenpore
368 4414 586 4484 perturbationis
616 4415 770 4486 contigerat
795 4415 963 4471 advenisse.”
1014 4416 1098 4485 Qvod
1122 4419 1145 4472 si

77 4499 145 4554 eain
160 4499 208 4554 bic
226 4499 326 4554 missus
343 4497 493 4562 zacharie,
510 4504 544 4552 ut
560 4499 639 4552 testis
655 4506 697 4554 est
713 4500 873 4556 Anastatins
889 4501 909 4554 l.
927 4517 950 4556 4.
968 4504 1017 4572 (-·
1033 4502 1145 4556 “simul-

77 4597 127 4654 444
150 4591 179 4640 44
196 4583 283 4638 alian
304 4582 508 4656 4444446444-
526 4583 649 4656 diripem
666 4583 850 4640 Serenissinm
866 4585 992 4657 Principi
1010 4586 1145 4641 Constan-

76 4667 131 4722 tinc
145 4670 218 4740 -'')·
253 4669 468 4724 Constantinum
485 4667 555 4739 lmp.
573 4668 651 4720 adire
674 4667 820 4731 coluisset,
843 4685 894 4723 cur
917 4669 1145 4743 Constantinopo

74 4750 134 4818 4444,
157 4770 241 4828 vam
256 4753 357 4806 nibem
373 4752 547 4808 Artabasdns
569 4751 707 4806 4444444444
728 4752 857 4816 tenebat,
878 4753 971 4817 venit,
992 4771 1082 4827 444444
1099 4772 1145 4829 po·

74 4837 127 4892 tius
143 4837 360 4892 Constantinum
376 4844 455 4891 extra
472 4835 571 4890 urbem
590 4834 737 4908 degentem
753 4837 839 4891 444444

136 4921 183 4976 24.
217 4920 301 4976 Adde
318 4924 417 4979 4444444.
433 4921 451 4975 l.
470 4938 537 4992 ep
558 4919 625 4974 464.
653 4920 728 4974 “4444
752 4921 819 4976 iecit
841 4929 946 4976 restem
962 4938 1047 4995 snper
1063 4924 1144 4978 altari

74 5003 105 5056 Β.
129 5006 211 5061 Petri
234 5023 269 5061 ex
284 5023 355 5060 auro
380 4992 681 5068 testam,l1abentem
701 5004 881 5060 Nativitatem
903 5006 1017 5060 Domini
1039 5006 1094 5062 4444
1115 5015 1144 5062 44

74 5087 226 5145 Salvatcris
241 5091 330 5144 nostri
346 5089 375 5144 4
394 5089 511 5152 clerinti,
529 5089 691 5162 ornaritqre
709 5107 769 5143 cam
786 5090 900 5162 gemmis
916 5091 1071 5162 pretiosis?

136 5176 183 5230 22.
219 5175 315 5230 Anast.
334 5174 353 5228 l.
370 5190 393 5228 e.
411 5192 438 5246 p.
457 5175 526 5230 4664
544 5180 593 5226 “et
610 5173 678 5227 dnm
693 5172 752 5228 laec
768 5183 928 5247 apercntnr,
946 5173 1090 5246 conjunxit
1105 5177 1142 5246 (44

74 5259 163 5328 venit)
181 5259 298 5314 lionam
313 5257 471 5322 lohannes,
489 5257 647 5329 imperialis
664 5258 842 5313 silentiarius
858 5263 896 5331 (44
914 5258 961 5330 qvi
979 5259 1014 5311 44
1031 5258 1143 5313 cubicu-

73 5341 130 5396 lum
147 5342 288 5415 Principis
304 5343 435 5396 excubias
451 5343 523 5415 agit,
545 5351 692 5416 cavetqvc,
709 5359 746 5396 ne
764 5343 910 5416 qrodpiam
927 5359 1056 5397 mmmnr
1072 5343 1142 5397 caci·

74 5428 172 5495 tetur),
182 5426 312 5480 deterens
323 5426 414 5480 cidem
424 5426 595 5481 sanctimimo
606 5424 730 5498 pontifici
741 5428 845 5500 regim
855 5425 1008 5496 jussionem
1019 5425 1142 5498 neqve?

138 5511 187 5564 244.
219 5510 391 5567 Addendnm
408 5517 466 5574 est,
492 5527 557 5566 eum
575 5511 693 5582 “sepius
709 5528 774 5565 suos
790 5511 890 5566 llissos
906 5527 969 5566 eum
986 5510 1143 5582 apostolicis

74 5591 175 5648 litteris
197 5594 380 5650 Constantino
405 5602 434 5648 et
458 5594 547 5649 beorn
568 5596 703 5666 Augustis
728 5596 861 5650 direxisse
885 5611 938 5667 pro
962 5594 1142 5648 restituendis

74 5677 323 5754 cculirmndisqne
340 5680 371 5737 in
387 5679 537 5753 pristinum
555 5680 740 5736 senerafionis
757 5685 860 5734 statura
873 5679 1063 5736 sacratissimis
1077 5679 1142 5734 ima-

2217 243 2290 323 444

1216 451 1345 524 ginibus
1366 459 1423 507 tam
1441 452 1547 508 Christi
1564 469 1646 527 qvam
1663 454 1769 518 444444,
1787 456 1975 528 apestolorum
1991 459 2191 531 “omniumque
2207 461 2291 516 Sanc

1215 542 1310 591 torum
1332 537 1554 610 Prophetarum,
1586 539 1745 614 Martyrum
1770 547 1800 594 ct
1825 540 2049 598 Conlesacrum.”
2082 545 2195 615 (Anast.
2221 545 2240 600 l.
2267 563 2291 600 c

1281 706 1329 760 24
1363 705 1468 760 Forum
1483 706 1557 762 dulii
1575 708 1694 778 (Friuli)
1717 708 1796 762 sedes
1813 718 1874 765 erat
1891 709 2075 782 metropolite
2092 713 2290 785 Asprilcsenais.

1281 790 1328 844 244.
1363 789 1472 863 ”Atque
1488 792 1529 845 444
1544 791 1581 846 44
1603 797 1707 846 tantm
1728 795 1969 864 compunctionem
1990 795 2044 866 piis
2064 795 2177 849 monitis
2202 797 2290 868 [Imit-

1214 872 1349 945 prandus]
1367 874 1456 928 ilesus
1473 882 1525 938 est,
1543 883 1575 928 ut
1592 893 1651 948 qve
1668 875 1762 930 lucrat
1777 877 1902 940 indutus,
1920 887 2043 940 exueret,
2062 885 2091 932 et
2107 888 2173 934 anto
2191 897 2291 954 corpus

1214 959 1341 1029 Apostoli
1357 967 1485 1030 poneret,
1502 968 1635 1019 4444444444,
1652 961 1854 1022 armitoura'am,
1872 963 2000 1042 4444444444,
2018 972 2127 1033 spinosa
2145 972 2228 1037 atqrc
2245 985 2289 1020 ess·

1214 1060 1269 1098 4444
1285 1045 1464 1106 deauratum,
1482 1060 1535 1096 nce
1548 1046 1608 1097 bon
1627 1063 1754 1098 4444444444
1771 1037 1884 1100 amcam
1901 1055 1929 1101 44
1947 1063 2052 1100 creterra
2069 1050 2256 1118 arJJentcamff’

1280 1127 1327 1181 26.
1362 1131 1457 1183 Anast.
1479 1127 1496 1182 l
1518 1143 1541 1180 c
1562 1145 1623 1200 paJJ
1648 1129 1746 1182 4644*
1747 1131 1803 1202 ‘qvi
1824 1131 1855 1183 in
1873 1129 1926 1182 lue
1946 1131 2069 1184 44444444
2089 1132 2171 1196 sede,
2192 1133 2290 1189 ecdem

1213 1209 1348 1282 Regem:
1368 1211 1555 1283 Laaitprando)
1575 1221 1768 1286 persequente,
1785 1213 1927 1286 retugium
1945 1214 2081 1278 iecerat·”
2101 1233 2191 1288 nnpve
2210 1218 2288 1272 Luit·

1212 1295 1319 1365 prando
1333 1294 1518 1358 reddebaturs
1536 1296 1585 1349 sed
1604 1314 1667 1351 cum
1687 1315 1788 1368 magno
1810 1298 1927 1353 llosnaui
1947 1298 2063 1352 ducatus
2085 1301 2210 1356 exercitu
2228 1303 2288 1388 plu·
2332 1307 2336 1316 '

1212 1395 1258 1431 res
1278 1386 1383 1436 nactus
1402 1380 1561 1452 occupabat.

1279 1462 1325 1517 27.
1360 1465 1423 1536 lpse
1450 1465 1666 1524 Trasisuundus,
1699 1471 1841 1538 postquam
1866 1466 1997 1520 ducatum
2023 1484 2104 1524 snum
2128 1469 2287 1541 recepimet,

1212 1548 1325 1602 “noluit
1343 1548 1477 1621 implere,
1503 1567 1563 1622 sprec
1585 1549 1713 1604 Pontifici
1733 1559 1762 1604 44
1781 1550 1904 1604 Patricio
1923 1552 2007 1604 simul
2026 1560 2055 1607 44
2075 1552 2207 1606 Romanis
2226 1571 2287 1625 pro·

1211 1632 1325 1687 miseras
1342 1649 1395 1704 pro
1414 1633 1609 1703 recolliJJcndis
1629 1633 1671 1686 lV
1691 1633 1864 1697 civitatibus,
1884 1651 1943 1706 qvas
1963 1653 2015 1707 pro
2034 1637 2238 1708 reperierant,
2258 1646 2288 1693 et

1211 1716 1282 1778 aliis,
1303 1733 1361 1787 qves
1380 1717 1565 1788 spoponderat
1579 1717 1730 1788 capitatas·
1750 1717 1824 1772 unde
1841 1716 1928 1790 majus
1951 1719 2081 1776 Romane
2104 1722 2163 1777 sedi
2181 1723 2287 1794 perica-
2343 1717 2344 1722 '
2427 1729 2430 1740 '

1211 1799 1270 1854 lum
1291 1801 1461 1854 imminebat.

1277 1885 1325 1938 28.
1361 1883 1452 1940 “Nam
1476 1895 1505 1942 et
1530 1885 1683 1940 Sabincnse
1707 1885 1919 1959 patrimonium,
1949 1886 2022 1960 qvod
2043 1904 2095 1958 per
2120 1889 2287 1944 annectere

1211 1967 1326 2039 triginta
1346 1969 1439 2023 lucrat
1458 1969 1590 2032 ablatum,
1611 1977 1692 2042 atere
1711 1970 1867 2025 Narniense
1886 1971 1969 2026 etiam
1991 1977 2021 2026 et
2038 1972 2226 2026 Auximanuns
2247 1980 2285 2027 at·
2403 2009 2406 2016 .

1210 2069 1264 2124 qve
1283 2053 1509 2108 Ancbonitanum
1527 2071 1656 2108 necnon
1675 2061 1705 2108 et
1721 2056 1946 2111 Numatriatcnse
1970 2062 1999 2108 44
2017 2054 2133 2120 rallcm,
2163 2073 2222 2128 qvae
2240 2073 2285 2110 rc·

1210 2144 1290 2190 catur
1309 2155 1422 2210 magna,
1450 2139 1532 2192 sitam
1555 2138 1586 2192 in
1610 2139 1753 2193 territorio
1777 2140 1905 2202 Sutrino,
1925 2157 1976 2212 per
1996 2139 2153 2195 donationis
2171 2140 2286 2194 titulum

1208 2219 1262 2292 ipsi
1276 2221 1308 2274 ll.
1322 2222 1417 2286 Petro,
1431 2222 1619 2296 apostolorum
1631 2223 1761 2296 principi,
1775 2223 1953 2278 remorarer
1965 2225 2074 2292 (boant.
2090 2224 2109 2277 l.
2125 2241 2148 2277 c.
2165 2242 2192 2295 p.
2204 2223 2283 2295 462).

1276 2307 1322 2360 244.
1357 2305 1426 2360 ibid
2106 2343 2109 2354 .

1273 2391 1322 2444 56.
1355 2393 1482 2445 44444444
1502 2389 1533 2444 in
1551 2391 1609 2446 sita
1628 2391 1727 2464 steph.
1747 2391 1791 2447 444
1810 2393 1853 2460 (oz,
1867 2393 1909 2460 ΙΙ)
1930 2410 1957 2464 p.
1980 2392 2043 2446 467.

1272 2476 1321 2530 54.
1355 2475 1441 2530 llaud
1459 2474 1557 2538 dubie,
1586 2475 1660 2548 qsod
1684 2474 1802 2530 Carolus
1824 2478 1856 2532 in
1879 2477 1955 2532 bello
1979 2494 2030 2533 suo
2049 2483 2147 2530 eontra
2167 2477 2282 2533 Mauros

1207 2559 1305 2615 4444444
1324 2575 1388 2612 cum
1407 2551 1581 2631 Liutprando
1600 2560 1709 2613 inierat.

1272 2643 1319 2697 42.
1354 2642 1422 2697 (lod
1444 2645 1536 2697 Carol.
1558 2659 1602 2714 ep.
1624 2644 1639 2697 4
1662 2651 1691 2698 44
1709 2645 1737 2698 2.

1272 2727 1317 2782 444.
1352 2727 1453 2783 Addit:
1479 2727 1532 2780 “ad
1551 2727 1705 2798 repnum;”
1730 2728 1804 2802 qvod
1822 2728 1846 2782 44
1866 2727 2059 2802 explicandum
2078 2730 2116 2786 ais
2135 2747 2168 2784 ex
2188 2732 2281 2786 annal.

1206 2810 1340 2866 44444444
1368 2811 1532 2884 “epistolam
1556 2829 1664 2884 qvoqve
1689 2813 1747 2882 [ex]
1772 2813 1883 2868 decreto
1909 2814 2096 2868 Romanorum
2122 2815 2282 2888 principum

1205 2897 1260 2952 sibi
1279 2899 1317 2967 (oz
1337 2895 1439 2951 644444
1455 2896 1598 2964 illartello)
1614 2895 1763 2968 predictus
1778 2899 1879 2970 praesul
1897 2896 2048 2969 Gregorius
2065 2899 2186 2954 miserat.
2207 2899 2282 2972 qvod
2322 2889 2324 2896 ’

1205 2997 1265 3035 aesc
1284 2982 1403 3053 populus
1424 2982 1579 3043 Romanus,
1603 2982 1703 3036 relicte
1721 2985 1899 3052 inperatoris
1918 2977 2122 3044 4444444444444,
2147 2985 2184 3038 ad
2203 3001 2281 3038 suam

1173 3107 1174 3112 .
1206 3068 1243 3136 (44
1262 3063 1335 3136 ejus)
1353 3065 1542 3120 detonsionem
1558 3073 1588 3120 44
1603 3067 1735 3120 invictam
1752 3065 1927 3120 clementiam
1942 3073 2105 3122 convertere
2123 3068 2281 3130 voluisset,”

1205 3147 1311 3204 diserto
1321 3149 1478 3203 testimonio
1491 3151 1627 3222 possimus
1642 3148 1821 3211 contendere,
1837 3151 2004 3222 Gregoriun
2023 3167 2086 3206 cum
2104 3160 2165 3206 toto
2177 3153 2281 3225 populo

1205 3234 1330 3289 Romanu
1350 3233 1448 3286 ditioni
1469 3234 1563 3288 Caroli
1584 3232 1708 3288 1444444414
1727 3251 1757 3287 44
1775 3235 1956 3297 commisisses
1975 3235 2025 3293 sed
2044 3237 2106 3290 fieri
2126 3244 2227 3308 potest,
2247 3244 2280 3291 ut

1204 3318 1354 3390 legendum
1373 3317 1410 3370 sit
1430 3317 1485 3370 “ad
1504 3333 1600 3390 rogam
1624 3335 1646 3372 s.
1665 3319 1781 3390 44444444ν
1800 3339 1824 3374 os
1848 3321 1967 3390 rogandi
1987 3337 2067 3374 causa
2089 3321 2153 3375 vide
2178 3323 2279 3385 Cenni,

1205 3409 1382 3457 monumenta
1402 3402 1595 3456 dominationis
1615 3403 1782 3468 Pontificio,
1811 3403 1889 3458 Tam.
1901 3405 1953 3475 ll,
1977 3404 2007 3458 in
2028 3412 2085 3458 not.
2105 3405 2278 3477 salopiae.

1207 3487 1277 3542 4ΙΙΙΙ
1297 3487 1363 3541 libri
1383 3486 1507 3540 Carolini
1524 3506 1552 3559 p.
1569 3488 1617 3541 22.

1270 3572 1317 3626 64.
1352 3572 1561 3632 *444444ιή44444
1581 3572 1828 3646 wirseburgensis
1843 3574 1998 3646 episcopan,
2015 3581 2044 3628 et
2064 3573 2211 3638 Folredsen
2229 3575 2280 3629 Ca·

1203 3657 1340 3728 pellamus,
1360 3654 1435 3709 missi
1455 3655 1571 3710 luerunt
1590 3656 1625 3709 ad
1645 3657 1807 3712 Zachariam
1827 3657 1932 3729 Papam
1956 3658 2152 3730 interrogando
2178 3659 2213 3714 44
2237 3675 2279 3714 rc·

1203 3741 1286 3813 JJilsus
1304 3742 1336 3794 in
1355 3739 1488 3795 Francia”
1508 3742 1610 3808 (444444.
1631 3741 1778 3796 4444444444.
1798 3743 1845 3806 ad,
1865 3761 1889 3796 a.
1911 3743 1987 3809 749).

1270 3826 1317 3879 tt.
1353 3825 1460 3878 Omnes
1479 3825 1571 3879 44444444
1590 3826 1666 3880 laune
1683 3843 1787 3879 σιιιιιιιιι
1804 3844 1861 3880 non
1877 3826 1991 3883 hahent.
2026 3827 2074 3881 Sic
2090 3826 2203 3880 annales
2219 3826 2279 3880 tte·

1205 3917 1296 3964 4444444
1320 3909 1401 3962 hanc.
1416 3909 1581 3980 legationem
1607 3909 1643 3962 44
1668 3928 1692 3962 a.
1719 3913 1777 3964 7446
1802 3913 1929 3966 referunt
1948 3911 2087 3983 (scriptor.
2108 3911 2279 3965 Francorum

1204 3994 1269 4048 edit.
1290 3995 1338 4048 llu
1362 3993 1472 4048 Cbesne
1498 3992 1577 4045 Tom.
1599 3991 1656 4056 ill,
1682 4010 1710 4065 p.
1738 3995 1819 4063 2744).
1863 3997 1906 4050 64.
1929 3997 2041 4050 ilredon
2059 3996 2090 4048 in
2109 4004 2166 4049 not.
2188 3995 2224 4050 44
2244 3997 2280 4050 44

1203 4078 1286 4152 prim.
1307 4093 1368 4152 cap.
1388 4077 1544 4150 Epinlsard.
1565 4077 1629 4131 ritu
1649 4073 1741 4132 Carol.
1762 4078 1801 4132 lt.
1822 4081 1987 4152 suspicatur,
2007 4097 2094 4136 4444444
2113 4080 2179 4134 duos
2198 4098 2279 4153 prop·

1203 4170 1248 4218 tor
1271 4180 1368 4217 rerum
1395 4169 1538 4232 gestarum
1567 4161 1706 4217 delectum
1731 4163 1767 4216 ab
1793 4171 1906 4218 auctore
1931 4163 2074 4218 annalium
2093 4163 2209 4234 (Loiscl.
2232 4163 2281 4220 vid

1203 4255 1261 4302 not.
1282 4247 1333 4316 64)
1350 4246 1463 4300 omissos
1482 4265 1557 4312 csse,
1581 4246 1728 4302 librarium
1748 4264 1829 4312 vero,
1855 4249 2018 4320 diligentem
2037 4247 2164 4302 4444444444
2183 4265 2278 4304 nume·

1203 4348 1299 4386 rorum
1318 4329 1394 4384 baud
1413 4339 1553 4394 secutum,
1574 4338 1636 4404 psat
1655 4351 1679 4386 a.
1700 4333 1757 4386 746
1777 4333 1917 4404 scripsisse
1937 4351 1960 4386 4.
1982 4333 2049 4394 rto,
2072 4332 2165 4404 itsqvc
2184 4331 2277 4402 legen·

1204 4417 1271 4470 duna
1295 4433 1355 4470 esse
1381 4415 1436 4468 764
1463 4433 1516 4488 pro
1541 4417 1607 4470 746.
1650 4417 1775 4469 Omnino
1799 4418 1862 4470 talis
1887 4433 2067 4471 numerorum
2093 4415 2278 4486 discrepantia

1202 4502 1291 4556 levior
1311 4507 1367 4562 cst,
1387 4516 1470 4571 qnam
1489 4507 1521 4556 ut
1540 4498 1608 4572 qvid
1625 4500 1692 4556 inde
1711 4509 1807 4557 coasro
1826 4501 1998 4573 axiopist‘am
2016 4501 2183 4572 scriptorum
2202 4498 2278 4558 effici

1201 4586 1302 4658 possin
1322 4583 1397 4658 qvod
1412 4591 1506 4639 tamen
1521 4585 1686 4640 Eclslaardua
1699 4587 1860 4654 (comment.
1879 4586 1913 4640 dc
1927 4585 2012 4646 rebus
2024 4584 2149 4638 l'rancie
2166 4582 2275 4636 044444.

1202 4677 1232 4722 44
1250 4669 1333 4742 episc.
1354 4667 1469 4722 Vireeb.
1489 4667 1567 4722 Tons.
1588 4669 1610 4725 l.
1630 4687 1657 4741 p.
1677 4669 1733 4724 4444
1755 4673 1828 4742 seq.)
1847 4671 1939 4726 facere
1957 4687 2015 4724 aon
2037 4667 2183 4724 dubitavit.

1267 4754 1314 4807 56.
1348 4751 1450 4806 Annsl.
1470 4751 1617 4806 Loiselian.
1638 4753 1657 4807 1.
1678 4771 1702 4808 c.

1267 4838 1313 4891 3⁷.
1348 4838 1474 4889 Anastat.
1494 4854 1522 4907 p.
1544 4836 1600 4891 466
1620 4837 1723 4892 “Unde
1743 4838 1931 4911 [Aistnlplaus]
1951 4845 1984 4892 ut
2008 4839 2052 4892 444
2073 4835 2203 4890 dentibus
2221 4835 2275 4890 444-

1201 4919 1308 4984 mebot,
1336 4937 1390 4992 pro
1415 4937 1470 4992 qvo
1494 4927 1523 4973 ct
1547 4921 1663 4975 diversis
1686 4923 1794 4976 vicibus
1819 4941 1883 4976 suos
1907 4921 2041 4976 satellites
2065 4922 2102 4974 ad
2121 4938 2185 4974 eum
2204 4921 2275 4974 elam

1200 5005 1285 5067 misit,
1305 5012 1337 5057 ut
1357 5021 1421 5057 eum
1441 5016 1549 5077 qvoqve
1569 5007 1650 5059 modo
1669 5024 1686 5059 a
1706 5007 1755 5060 tali
1774 5009 1886 5061 intentu
1906 5005 2101 5060 declinarent?

1257 5088 1313 5143 ¹38.
1347 5091 1444 5142 snass.
1468 5107 1495 5160 p.
1524 5089 1580 5144 466
1603 5090 1740 5162 “Pipinus
1757 5091 1845 5162 lnimis
1864 5091 2029 5146 festinanter
2054 5090 2085 5142 in
2109 5087 2168 5160 ojus
2191 5089 2274 5143 adve-

1199 5176 1243 5236 mt
1262 5189 1406 5228 occursum
1424 5189 1544 5226 unacum
1564 5172 1693 5248 conjugo,
1714 5174 1780 5228 tiliis
1800 5176 1882 5228 etiam
1901 5182 1931 5230 et
1949 5174 2121 5229 Primatibus
2135 5211 2210 5227 .....
2229 5173 2273 5244 lp-

1199 5274 1283 5330 scqse
1301 5258 1332 5311 in
1350 5257 1454 5329 palatio
1471 5273 1520 5310 suo
1536 5257 1566 5310 in
1583 5258 1657 5321 loco,
1679 5258 1726 5330 qvi
1743 5265 1857 5312 vocatur
1871 5259 2039 5321 Ponticone,
2059 5257 2095 5312 ad
2111 5257 2172 5311 iere
2188 5257 2275 5311 44444444

1199 5341 1318 5394 millium
1342 5340 1462 5413 spatium
1485 5340 1655 5396 descendens
1681 5341 1716 5396 44
1741 5359 1813 5415 cqvo
1834 5359 1883 5394 suo
1908 5359 1971 5396 cum
1995 5360 2095 5414 maJJna
2115 5341 2272 5396 humilitate

1198 5433 1278 5480 444444
1297 5435 1450 5494 prostrabis
1467 5443 1588 5480 unacum
1607 5443 1657 5479 sua
1676 5426 1807 5498 conjuge,
1827 5426 1892 5480 liliis
1914 5435 1943 5481 44
1959 5427 2138 5499 optimatibus
2154 5424 2272 5481 eundem

1200 5510 1410 5565 sanctissimum
1429 5511 1533 5582 Papam
1553 5509 1699 5582 suscepit?

1264 5596 1311 5650 66.
1345 5595 1447 5648 Annal.
1469 5593 1586 5650 44444444.
1606 5591 1641 5646 ad
1659 5611 1676 5645 a
1705 5594 1776 5648 74454
1805 5597 1940 5666 “nocenti
1967 5613 2034 5652 vcro
2058 5596 2104 5651 die
2128 5611 2184 5648 una
2207 5609 2271 5646 cum

1200 5679 1276 5736 clero
1294 5694 1345 5736 sno
1364 5696 1491 5750 4444444444
1512 5681 1603 5735 clusere
1624 5685 1653 5734 et
1673 5679 1787 5732 4444444444
1806 5679 1913 5740 utico,
1940 5682 1970 5734 444
1991 5690 2092 5736 solnm
2109 5686 2271 5748 prostrasse,
