<?xml version="1.0" encoding="UTF-8"?>
<!DOCTYPE html PUBLIC "-//W3C//DTD XHTML 1.0 Transitional//EN"
    "http://www.w3.org/TR/xhtml1/DTD/xhtml1-transitional.dtd">
<html xmlns="http://www.w3.org/1999/xhtml" xml:lang="en" lang="en">
 <head>
  <title>
</title>
<meta http-equiv="Content-Type" content="text/html;charset=utf-8" />
  <meta name='ocr-system' content='tesseract 3.04.00' />
  <meta name='ocr-capabilities' content='ocr_page ocr_carea ocr_par ocr_line ocrx_word'/>
</head>
<body>
  <div class='ocr_page' id='page_1' title='image "./historiaecclesi00haldgoog/historiaecclesi00haldgoog_0165.png"; bbox 0 0 4986 6384; ppageno 0'>
   <div class='ocr_carea' id='block_1_1' title="bbox 255 113 364 252">
    <p class='ocr_par' dir='ltr' id='par_1_1' title="bbox 255 113 364 252">
     <span class='ocr_line' id='line_1_1' title="bbox 255 113 364 252; baseline -0.009 -129"><span class='ocrx_word' id='word_1_1' title='bbox 255 167 312 252; x_wconf 52' lang='lat'><strong>84</strong></span> <span class='ocrx_word' id='word_1_2' title='bbox 357 113 364 122; x_wconf 82' lang='lat'><strong>.</strong></span> 
     </span>
    </p>
   </div>
   <div class='ocr_carea' id='block_1_2' title="bbox 339 363 2458 625">
    <p class='ocr_par' dir='ltr' id='par_1_2' title="bbox 339 363 2458 625">
     <span class='ocr_line' id='line_1_2' title="bbox 339 363 2458 511; baseline -0.009 -21"><span class='ocrx_word' id='word_1_3' title='bbox 339 421 458 511; x_wconf 82' lang='lat' dir='ltr'><strong>Neque</strong></span> <span class='ocrx_word' id='word_1_4' title='bbox 478 417 524 486; x_wconf 89' lang='grc'><strong>00</strong></span> <span class='ocrx_word' id='word_1_5' title='bbox 548 423 637 486; x_wconf 90' lang='lat' dir='ltr'><strong>statu</strong></span> <span class='ocrx_word' id='word_1_6' title='bbox 659 415 746 484; x_wconf 86' lang='lat' dir='ltr'><strong>sacri</strong></span> <span class='ocrx_word' id='word_1_7' title='bbox 773 411 901 485; x_wconf 80' lang='lat' dir='ltr'>ordinis</span> <span class='ocrx_word' id='word_1_8' title='bbox 928 433 1037 500; x_wconf 84' lang='lat' dir='ltr'><strong>neqve</strong></span> <span class='ocrx_word' id='word_1_9' title='bbox 1063 407 1108 478; x_wconf 81' lang='lat' dir='ltr'><strong>sle</strong></span> <span class='ocrx_word' id='word_1_10' title='bbox 1131 404 1336 476; x_wconf 81' lang='lat' dir='ltr'><strong>hierarchias</strong></span> <span class='ocrx_word' id='word_1_11' title='bbox 1360 403 1531 476; x_wconf 75' lang='lat' dir='ltr'><strong>Romana,</strong></span> <span class='ocrx_word' id='word_1_12' title='bbox 1553 363 1685 468; x_wconf 86' lang='lat' dir='ltr'><strong>ratione</strong></span> <span class='ocrx_word' id='word_1_13' title='bbox 1705 395 1803 488; x_wconf 85' lang='lat' dir='ltr'><strong>justa</strong></span> <span class='ocrx_word' id='word_1_14' title='bbox 1830 396 1912 467; x_wconf 81' lang='lat' dir='ltr'><strong>ferri</strong></span> <span class='ocrx_word' id='word_1_15' title='bbox 1936 405 2053 488; x_wconf 74' lang='lat' dir='ltr'><strong>potmt</strong></span> <span class='ocrx_word' id='word_1_16' title='bbox 2079 399 2256 486; x_wconf 83' lang='lat' dir='ltr'><strong>sententia,</strong></span> <span class='ocrx_word' id='word_1_17' title='bbox 2280 403 2339 471; x_wconf 89' lang='lat' dir='ltr'><strong>nisi</strong></span> <span class='ocrx_word' id='word_1_18' title='bbox 2362 409 2458 480; x_wconf 68' lang='lat' dir='ltr'><strong>daile,</strong></span> 
     </span>
     <span class='ocr_line' id='line_1_3' title="bbox 1437 528 2458 625; baseline -0.007 -23"><span class='ocrx_word' id='word_1_19' title='bbox 1437 528 2458 625; x_wconf 52' lang='grc'><strong>010000000000001000030000001</strong></span> 
     </span>
    </p>
   </div>
   <div class='ocr_carea' id='block_1_3' title="bbox 201 661 1640 5439">
    <p class='ocr_par' dir='ltr' id='par_1_3' title="bbox 680 661 1211 754">
     <span class='ocr_line' id='line_1_4' title="bbox 680 661 1211 754; baseline -0.019 -24"><span class='ocrx_word' id='word_1_20' title='bbox 680 673 708 748; x_wconf 88' lang='grc'><strong>0)</strong></span> <span class='ocrx_word' id='word_1_21' title='bbox 732 671 852 733; x_wconf 87' lang='lat' dir='ltr'><strong>ratione</strong></span> <span class='ocrx_word' id='word_1_22' title='bbox 874 666 1004 754; x_wconf 69' lang='lat' dir='ltr'><strong>(sermm</strong></span> <span class='ocrx_word' id='word_1_23' title='bbox 1024 661 1211 744; x_wconf 74' lang='lat' dir='ltr'><strong>principum,</strong></span> 
     </span>
    </p>

    <p class='ocr_par' dir='ltr' id='par_1_4' title="bbox 258 784 1638 1552">
     <span class='ocr_line' id='line_1_5' title="bbox 325 784 1637 866; baseline -0.018 -12"><span class='ocrx_word' id='word_1_24' title='bbox 325 801 383 854; x_wconf 87' lang='lat' dir='ltr'><strong>Nou</strong></span> <span class='ocrx_word' id='word_1_25' title='bbox 407 811 491 866; x_wconf 83' lang='lat' dir='ltr'><strong>operae</strong></span> <span class='ocrx_word' id='word_1_26' title='bbox 514 796 625 864; x_wconf 83' lang='lat' dir='ltr'><strong>pretium</strong></span> <span class='ocrx_word' id='word_1_27' title='bbox 648 806 690 849; x_wconf 88' lang='lat' dir='ltr'><strong>est</strong></span> <span class='ocrx_word' id='word_1_28' title='bbox 713 797 837 850; x_wconf 85' lang='lat' dir='ltr'><strong>bellorum</strong></span> <span class='ocrx_word' id='word_1_29' title='bbox 862 797 929 848; x_wconf 88' lang='lat' dir='ltr'><strong>inter</strong></span> <span class='ocrx_word' id='word_1_30' title='bbox 951 799 1004 844; x_wconf 90' lang='lat' dir='ltr'><strong>tres</strong></span> <span class='ocrx_word' id='word_1_31' title='bbox 1030 789 1096 842; x_wconf 88' lang='lat' dir='ltr'><strong>lilius</strong></span> <span class='ocrx_word' id='word_1_32' title='bbox 1112 785 1238 840; x_wconf 88' lang='lat' dir='ltr'><strong>Lndurici</strong></span> <span class='ocrx_word' id='word_1_33' title='bbox 1255 785 1285 836; x_wconf 89' lang='lat' dir='ltr'><strong>P.</strong></span> <span class='ocrx_word' id='word_1_34' title='bbox 1302 801 1325 836; x_wconf 80' lang='lat' dir='ltr'><strong>a</strong></span> <span class='ocrx_word' id='word_1_35' title='bbox 1341 784 1473 836; x_wconf 82' lang='grc'><strong>840-40</strong></span> <span class='ocrx_word' id='word_1_36' title='bbox 1494 785 1637 847; x_wconf 73' lang='lat' dir='ltr'><strong>gestorum,</strong></span> 
     </span>
     <span class='ocr_line' id='line_1_6' title="bbox 259 894 1637 980; baseline -0.017 -10"><span class='ocrx_word' id='word_1_37' title='bbox 259 917 389 970; x_wconf 73' lang='lat' dir='ltr'><strong>historiam</strong></span> <span class='ocrx_word' id='word_1_38' title='bbox 408 912 552 980; x_wconf 75' lang='lat' dir='ltr'><strong>copiosius,</strong></span> <span class='ocrx_word' id='word_1_39' title='bbox 579 926 653 977; x_wconf 83' lang='lat' dir='ltr'><strong>qvam</strong></span> <span class='ocrx_word' id='word_1_40' title='bbox 674 911 771 962; x_wconf 85' lang='grc'><strong>0000000</strong></span> <span class='ocrx_word' id='word_1_41' title='bbox 791 917 830 963; x_wconf 89' lang='grc'><strong>000</strong></span> <span class='ocrx_word' id='word_1_42' title='bbox 846 912 892 977; x_wconf 88' lang='lat' dir='ltr'><strong>(p.</strong></span> <span class='ocrx_word' id='word_1_43' title='bbox 908 907 960 975; x_wconf 76' lang='grc'><strong>00)</strong></span> <span class='ocrx_word' id='word_1_44' title='bbox 975 919 1102 960; x_wconf 81' lang='lat' dir='ltr'><strong>ursmare.</strong></span> <span class='ocrx_word' id='word_1_45' title='bbox 1142 899 1262 954; x_wconf 80' lang='lat' dir='ltr'>Foedere</span> <span class='ocrx_word' id='word_1_46' title='bbox 1279 899 1322 951; x_wconf 93' lang='lat' dir='ltr'><strong>illo</strong></span> <span class='ocrx_word' id='word_1_47' title='bbox 1339 897 1438 965; x_wconf 84' lang='lat' dir='ltr'><strong>(ibid.)</strong></span> <span class='ocrx_word' id='word_1_48' title='bbox 1455 914 1478 949; x_wconf 90' lang='grc'><strong>0.</strong></span> <span class='ocrx_word' id='word_1_49' title='bbox 1497 899 1548 948; x_wconf 82' lang='grc'><strong>840</strong></span> <span class='ocrx_word' id='word_1_50' title='bbox 1565 894 1637 960; x_wconf 91' lang='lat' dir='ltr'><strong>inito,</strong></span> 
     </span>
     <span class='ocr_line' id='line_1_7' title="bbox 258 994 1637 1098; baseline -0.015 -15"><span class='ocrx_word' id='word_1_51' title='bbox 258 1041 310 1084; x_wconf 87' lang='lat' dir='ltr'><strong>tres</strong></span> <span class='ocrx_word' id='word_1_52' title='bbox 327 994 455 1098; x_wconf 70' lang='lat' dir='ltr'><strong>principes</strong></span> <span class='ocrx_word' id='word_1_53' title='bbox 472 1041 552 1094; x_wconf 80' lang='lat' dir='ltr'><strong>prope</strong></span> <span class='ocrx_word' id='word_1_54' title='bbox 564 1012 715 1077; x_wconf 75' lang='lat' dir='ltr'><strong>Theodouis</strong></span> <span class='ocrx_word' id='word_1_55' title='bbox 733 1025 815 1076; x_wconf 84' lang='lat' dir='ltr'><strong>uillam</strong></span> <span class='ocrx_word' id='word_1_56' title='bbox 836 1021 875 1089; x_wconf 80' lang='lat' dir='ltr'><strong>(or</strong></span> <span class='ocrx_word' id='word_1_57' title='bbox 894 1018 1069 1088; x_wconf 67' lang='grc' dir='ltr'><strong>08000οη00000)</strong></span> <span class='ocrx_word' id='word_1_58' title='bbox 1087 1017 1282 1080; x_wconf 85' lang='lat' dir='ltr'><strong>convenientes,</strong></span> <span class='ocrx_word' id='word_1_59' title='bbox 1299 1011 1427 1066; x_wconf 89' lang='lat' dir='ltr'><strong>communi</strong></span> <span class='ocrx_word' id='word_1_60' title='bbox 1444 1009 1549 1063; x_wconf 91' lang='lat' dir='ltr'><strong>consilio</strong></span> <span class='ocrx_word' id='word_1_61' title='bbox 1566 1009 1637 1075; x_wconf 75' lang='lat' dir='ltr'><strong>teges</strong></span> 
     </span>
     <span class='ocr_line' id='line_1_8' title="bbox 258 1121 1636 1208; baseline -0.018 -10"><span class='ocrx_word' id='word_1_62' title='bbox 258 1143 405 1208; x_wconf 85' lang='lat' dir='ltr'><strong>t&#39;erebant¹,</strong></span> <span class='ocrx_word' id='word_1_63' title='bbox 431 1137 615 1194; x_wconf 84' lang='lat' dir='ltr'><strong>”iratemltutia</strong></span> <span class='ocrx_word' id='word_1_64' title='bbox 637 1144 664 1190; x_wconf 88' lang='lat' dir='ltr'><strong>et</strong></span> <span class='ocrx_word' id='word_1_65' title='bbox 682 1139 795 1190; x_wconf 84' lang='lat' dir='ltr'><strong>caritatis</strong></span> <span class='ocrx_word' id='word_1_66' title='bbox 813 1137 873 1201; x_wconf 80' lang='lat' dir='ltr'><strong>iura</strong></span> <span class='ocrx_word' id='word_1_67' title='bbox 895 1137 922 1188; x_wconf 89' lang='lat' dir='ltr'><strong>in</strong></span> <span class='ocrx_word' id='word_1_68' title='bbox 944 1142 1075 1202; x_wconf 89' lang='lat' dir='ltr'><strong>posterum</strong></span> <span class='ocrx_word' id='word_1_69' title='bbox 1102 1147 1152 1184; x_wconf 91' lang='lat' dir='ltr'><strong>aon</strong></span> <span class='ocrx_word' id='word_1_70' title='bbox 1176 1127 1293 1182; x_wconf 86' lang='lat' dir='ltr'><strong>uiolanda</strong></span> <span class='ocrx_word' id='word_1_71' title='bbox 1313 1128 1519 1180; x_wconf 76' lang='lat' dir='ltr'><strong>confirmabaut”</strong></span> <span class='ocrx_word' id='word_1_72' title='bbox 1542 1121 1636 1190; x_wconf 88' lang='lat' dir='ltr'><strong>(annal.</strong></span> 
     </span>
     <span class='ocr_line' id='line_1_9' title="bbox 259 1237 1638 1326; baseline -0.017 -14"><span class='ocrx_word' id='word_1_73' title='bbox 259 1257 400 1314; x_wconf 84' lang='lat' dir='ltr'><strong>liertiniaui</strong></span> <span class='ocrx_word' id='word_1_74' title='bbox 417 1254 451 1307; x_wconf 91' lang='grc'><strong>00</strong></span> <span class='ocrx_word' id='word_1_75' title='bbox 465 1271 490 1306; x_wconf 90' lang='grc'><strong>0.</strong></span> <span class='ocrx_word' id='word_1_76' title='bbox 507 1255 568 1319; x_wconf 83' lang='grc'><strong>844,</strong></span> <span class='ocrx_word' id='word_1_77' title='bbox 587 1269 627 1320; x_wconf 90' lang='lat' dir='ltr'><strong>ap.</strong></span> <span class='ocrx_word' id='word_1_78' title='bbox 645 1253 686 1304; x_wconf 85' lang='lat' dir='ltr'><strong>Du</strong></span> <span class='ocrx_word' id='word_1_79' title='bbox 697 1250 802 1304; x_wconf 88' lang='lat' dir='ltr'><strong>&#39;Chesue</strong></span> <span class='ocrx_word' id='word_1_80' title='bbox 818 1249 910 1304; x_wconf 89' lang='lat' dir='ltr'><strong>histor.</strong></span> <span class='ocrx_word' id='word_1_81' title='bbox 927 1249 1050 1302; x_wconf 85' lang='lat' dir='ltr'><strong>Francor.</strong></span> <span class='ocrx_word' id='word_1_82' title='bbox 1072 1246 1161 1313; x_wconf 90' lang='lat' dir='ltr'><strong>script.</strong></span> <span class='ocrx_word' id='word_1_83' title='bbox 1172 1243 1311 1326; x_wconf 80' lang='lat' dir='ltr'><strong>Tomlll,</strong></span> <span class='ocrx_word' id='word_1_84' title='bbox 1327 1243 1441 1312; x_wconf 74' lang='lat' dir='ltr'><strong>prol),</strong></span> <span class='ocrx_word' id='word_1_85' title='bbox 1458 1246 1486 1293; x_wconf 90' lang='lat' dir='ltr'><strong>et</strong></span> <span class='ocrx_word' id='word_1_86' title='bbox 1500 1237 1638 1290; x_wconf 73' lang='lat' dir='ltr'><strong>comitibus</strong></span> 
     </span>
     <span class='ocr_line' id='line_1_10' title="bbox 258 1352 1637 1437; baseline -0.018 -10"><span class='ocrx_word' id='word_1_87' title='bbox 258 1383 284 1428; x_wconf 91' lang='lat' dir='ltr'><strong>et</strong></span> <span class='ocrx_word' id='word_1_88' title='bbox 300 1371 418 1436; x_wconf 88' lang='lat' dir='ltr'><strong>ducibus,</strong></span> <span class='ocrx_word' id='word_1_89' title='bbox 436 1368 477 1437; x_wconf 85' lang='lat' dir='ltr'><strong>qui</strong></span> <span class='ocrx_word' id='word_1_90' title='bbox 495 1383 574 1420; x_wconf 88' lang='lat' dir='ltr'><strong>noras</strong></span> <span class='ocrx_word' id='word_1_91' title='bbox 589 1381 629 1417; x_wconf 90' lang='lat' dir='ltr'><strong>res</strong></span> <span class='ocrx_word' id='word_1_92' title='bbox 645 1365 670 1416; x_wconf 92' lang='lat' dir='ltr'><strong>iu</strong></span> <span class='ocrx_word' id='word_1_93' title='bbox 685 1365 804 1418; x_wconf 84' lang='lat' dir='ltr'><strong>Carolrrm</strong></span> <span class='ocrx_word' id='word_1_94' title='bbox 814 1365 920 1416; x_wconf 81' lang='lat' dir='ltr'><strong>Calvum</strong></span> <span class='ocrx_word' id='word_1_95' title='bbox 931 1363 1111 1428; x_wconf 77' lang='lat' dir='ltr'><strong>moliebantur,</strong></span> <span class='ocrx_word' id='word_1_96' title='bbox 1128 1357 1286 1423; x_wconf 89' lang='lat' dir='ltr'><strong>iudicabant,</strong></span> <span class='ocrx_word' id='word_1_97' title='bbox 1301 1372 1339 1421; x_wconf 87' lang='grc'><strong>00,</strong></span> <span class='ocrx_word' id='word_1_98' title='bbox 1352 1353 1400 1408; x_wconf 91' lang='lat' dir='ltr'><strong>uisi</strong></span> <span class='ocrx_word' id='word_1_99' title='bbox 1418 1355 1444 1407; x_wconf 94' lang='lat' dir='ltr'><strong>in</strong></span> <span class='ocrx_word' id='word_1_100' title='bbox 1462 1353 1518 1420; x_wconf 84' lang='lat' dir='ltr'><strong>ejus</strong></span> <span class='ocrx_word' id='word_1_101' title='bbox 1529 1352 1637 1419; x_wconf 75' lang='lat' dir='ltr'><strong>gratiam</strong></span> 
     </span>
     <span class='ocr_line' id='line_1_11' title="bbox 259 1437 1638 1552; baseline -0.014 -11"><span class='ocrx_word' id='word_1_102' title='bbox 259 1487 380 1552; x_wconf 85' lang='lat' dir='ltr'><strong>redirent,</strong></span> <span class='ocrx_word' id='word_1_103' title='bbox 395 1481 518 1537; x_wconf 85' lang='lat' dir='ltr'><strong>”viriiiter</strong></span> <span class='ocrx_word' id='word_1_104' title='bbox 535 1477 733 1546; x_wconf 66' lang='lat' dir='ltr'><strong>conglobatos&#39;t,</strong></span> <span class='ocrx_word' id='word_1_105' title='bbox 749 1479 816 1531; x_wconf 92' lang='lat' dir='ltr'><strong>bello</strong></span> <span class='ocrx_word' id='word_1_106' title='bbox 832 1437 1076 1545; x_wconf 60' lang='lat' dir='ltr'><strong>eoapesscenmros</strong></span> <span class='ocrx_word' id='word_1_107' title='bbox 1091 1489 1148 1526; x_wconf 88' lang='lat' dir='ltr'><strong>esse</strong></span> <span class='ocrx_word' id='word_1_108' title='bbox 1159 1471 1254 1538; x_wconf 82' lang='lat' dir='ltr'><strong>(ibid.)</strong></span> <span class='ocrx_word' id='word_1_109' title='bbox 1274 1471 1332 1524; x_wconf 90' lang='lat' dir='ltr'><strong>Pari</strong></span> <span class='ocrx_word' id='word_1_110' title='bbox 1351 1487 1477 1525; x_wconf 78' lang='lat' dir='ltr'><strong>concensu</strong></span> <span class='ocrx_word' id='word_1_111' title='bbox 1491 1471 1590 1537; x_wconf 77' lang='lat' dir='ltr'><strong>legatos</strong></span> <span class='ocrx_word' id='word_1_112' title='bbox 1605 1469 1638 1522; x_wconf 89' lang='lat' dir='ltr'><strong>ad</strong></span> 
     </span>
    </p>

    <p class='ocr_par' dir='ltr' id='par_1_5' title="bbox 201 1581 1640 5439">
     <span class='ocr_line' id='line_1_12' title="bbox 259 1581 1638 1666; baseline -0.015 -12"><span class='ocrx_word' id='word_1_113' title='bbox 259 1602 374 1666; x_wconf 81' lang='lat' dir='ltr'><strong>Ericum,</strong></span> <span class='ocrx_word' id='word_1_114' title='bbox 391 1598 521 1651; x_wconf 84' lang='lat' dir='ltr'><strong>Dacorum</strong></span> <span class='ocrx_word' id='word_1_115' title='bbox 535 1595 631 1659; x_wconf 76' lang='lat' dir='ltr'><strong>regem,</strong></span> <span class='ocrx_word' id='word_1_116' title='bbox 649 1609 673 1644; x_wconf 90' lang='lat' dir='ltr'><strong>a.</strong></span> <span class='ocrx_word' id='word_1_117' title='bbox 691 1595 742 1644; x_wconf 81' lang='grc'><strong>840</strong></span> <span class='ocrx_word' id='word_1_118' title='bbox 761 1593 906 1657; x_wconf 74' lang='lat' dir='ltr'><strong>mittebant,</strong></span> <span class='ocrx_word' id='word_1_119' title='bbox 923 1589 963 1659; x_wconf 86' lang='lat' dir='ltr'><strong>qui</strong></span> <span class='ocrx_word' id='word_1_120' title='bbox 981 1587 1077 1641; x_wconf 89' lang='lat' dir='ltr'><strong>bellum</strong></span> <span class='ocrx_word' id='word_1_121' title='bbox 1095 1589 1132 1656; x_wconf 89' lang='lat' dir='ltr'><strong>ei,</strong></span> <span class='ocrx_word' id='word_1_122' title='bbox 1151 1587 1199 1640; x_wconf 88' lang='lat' dir='ltr'><strong>nisi</strong></span> <span class='ocrx_word' id='word_1_123' title='bbox 1216 1602 1232 1639; x_wconf 91' lang='grc'><strong>0</strong></span> <span class='ocrx_word' id='word_1_124' title='bbox 1249 1582 1383 1638; x_wconf 82' lang='lat' dir='ltr'><strong>uexatione</strong></span> <span class='ocrx_word' id='word_1_125' title='bbox 1401 1581 1532 1637; x_wconf 90' lang='lat' dir='ltr'><strong>christiani</strong></span> <span class='ocrx_word' id='word_1_126' title='bbox 1550 1583 1638 1653; x_wconf 86' lang='lat' dir='ltr'><strong>populi</strong></span> 
     </span>
     <span class='ocr_line' id='line_1_13' title="bbox 201 1667 1638 1773; baseline -0.014 -2"><span class='ocrx_word' id='word_1_127' title='bbox 201 1667 205 1677; x_wconf 31' lang='grc' dir='ltr'>Ι</span> <span class='ocrx_word' id='word_1_128' title='bbox 260 1715 410 1772; x_wconf 82' lang='lat' dir='ltr'><strong>desisteret.</strong></span> <span class='ocrx_word' id='word_1_129' title='bbox 424 1707 595 1765; x_wconf 85' lang='lat' dir='ltr'><strong>indicerent¹.</strong></span> <span class='ocrx_word' id='word_1_130' title='bbox 631 1703 685 1757; x_wconf 84' lang='lat' dir='ltr'><strong>Sed</strong></span> <span class='ocrx_word' id='word_1_131' title='bbox 700 1721 779 1771; x_wconf 89' lang='lat' dir='ltr'><strong>quum</strong></span> <span class='ocrx_word' id='word_1_132' title='bbox 799 1707 968 1773; x_wconf 86' lang='lat' dir='ltr'><strong>Gisiebertns,</strong></span> <span class='ocrx_word' id='word_1_133' title='bbox 983 1705 1055 1758; x_wconf 85' lang='lat' dir='ltr'><strong>miles</strong></span> <span class='ocrx_word' id='word_1_134' title='bbox 1075 1701 1178 1770; x_wconf 78' lang='lat' dir='ltr'><strong>qnidam</strong></span> <span class='ocrx_word' id='word_1_135' title='bbox 1195 1701 1289 1768; x_wconf 86' lang='lat' dir='ltr'><strong>Caroli,</strong></span> <span class='ocrx_word' id='word_1_136' title='bbox 1306 1701 1384 1753; x_wconf 88' lang='lat' dir='ltr'><strong>liliam</strong></span> <span class='ocrx_word' id='word_1_137' title='bbox 1402 1697 1520 1752; x_wconf 82' lang='lat' dir='ltr'><strong>Lotlrarii</strong></span> <span class='ocrx_word' id='word_1_138' title='bbox 1538 1705 1638 1768; x_wconf 85' lang='lat' dir='ltr'><strong>raptam</strong></span> 
     </span>
     <span class='ocr_line' id='line_1_14' title="bbox 260 1813 1636 1889; baseline -0.015 -4"><span class='ocrx_word' id='word_1_139' title='bbox 260 1834 286 1885; x_wconf 87' lang='lat' dir='ltr'><strong>in</strong></span> <span class='ocrx_word' id='word_1_140' title='bbox 301 1825 489 1884; x_wconf 84' lang='lat' dir='ltr'><strong>matrimonium</strong></span> <span class='ocrx_word' id='word_1_141' title='bbox 504 1821 632 1887; x_wconf 86' lang='lat' dir='ltr'><strong>duxisset,</strong></span> <span class='ocrx_word' id='word_1_142' title='bbox 647 1825 675 1872; x_wconf 88' lang='lat' dir='ltr'><strong>et</strong></span> <span class='ocrx_word' id='word_1_143' title='bbox 690 1835 749 1872; x_wconf 89' lang='lat' dir='ltr'><strong>curn</strong></span> <span class='ocrx_word' id='word_1_144' title='bbox 764 1835 794 1872; x_wconf 84' lang='lat' dir='ltr'><strong>ea</strong></span> <span class='ocrx_word' id='word_1_145' title='bbox 816 1821 842 1872; x_wconf 93' lang='lat' dir='ltr'><strong>in</strong></span> <span class='ocrx_word' id='word_1_146' title='bbox 858 1821 1017 1889; x_wconf 75' lang='lat' dir='ltr'><strong>Aquitaniam</strong></span> <span class='ocrx_word' id='word_1_147' title='bbox 1033 1819 1165 1889; x_wconf 88' lang='lat' dir='ltr'><strong>proiectus</strong></span> <span class='ocrx_word' id='word_1_148' title='bbox 1179 1815 1280 1880; x_wconf 84' lang='lat' dir='ltr'><strong>luisset,</strong></span> <span class='ocrx_word' id='word_1_149' title='bbox 1299 1813 1407 1866; x_wconf 84' lang='lat' dir='ltr'><strong>Carolus</strong></span> <span class='ocrx_word' id='word_1_150' title='bbox 1423 1815 1448 1867; x_wconf 95' lang='lat' dir='ltr'><strong>in</strong></span> <span class='ocrx_word' id='word_1_151' title='bbox 1464 1813 1636 1882; x_wconf 68' lang='lat' dir='ltr'><strong>suspicionem</strong></span> 
     </span>
     <span class='ocr_line' id='line_1_15' title="bbox 259 1929 1637 2005; baseline -0.015 -7"><span class='ocrx_word' id='word_1_152' title='bbox 259 1941 376 1998; x_wconf 86' lang='lat' dir='ltr'><strong>Lotlrarii</strong></span> <span class='ocrx_word' id='word_1_153' title='bbox 394 1937 498 2005; x_wconf 86' lang='lat' dir='ltr'><strong>incidit,</strong></span> <span class='ocrx_word' id='word_1_154' title='bbox 519 1935 587 1988; x_wconf 93' lang='lat' dir='ltr'><strong>acsi</strong></span> <span class='ocrx_word' id='word_1_155' title='bbox 605 1935 673 1986; x_wconf 92' lang='lat' dir='ltr'><strong>illius</strong></span> <span class='ocrx_word' id='word_1_156' title='bbox 689 1934 750 1986; x_wconf 83' lang='lat' dir='ltr'><strong>iacti</strong></span> <span class='ocrx_word' id='word_1_157' title='bbox 769 1936 888 1989; x_wconf 88' lang='lat' dir='ltr'><strong>conscius</strong></span> <span class='ocrx_word' id='word_1_158' title='bbox 905 1935 1004 1988; x_wconf 83' lang='lat' dir='ltr'><strong>inisset.</strong></span> <span class='ocrx_word' id='word_1_159' title='bbox 1040 1934 1129 2002; x_wconf 81' lang='lat' dir='ltr'><strong>Neque</strong></span> <span class='ocrx_word' id='word_1_160' title='bbox 1144 1933 1230 2001; x_wconf 90' lang='lat' dir='ltr'><strong>potuit</strong></span> <span class='ocrx_word' id='word_1_161' title='bbox 1245 1929 1409 1997; x_wconf 84' lang='lat' dir='ltr'><strong>Ludouicus,</strong></span> <span class='ocrx_word' id='word_1_162' title='bbox 1428 1930 1469 1995; x_wconf 84' lang='lat' dir='ltr'><strong>qui</strong></span> <span class='ocrx_word' id='word_1_163' title='bbox 1488 1943 1534 1996; x_wconf 94' lang='lat' dir='ltr'><strong>per</strong></span> <span class='ocrx_word' id='word_1_164' title='bbox 1553 1933 1637 1980; x_wconf 89' lang='lat' dir='ltr'><strong>totum</strong></span> 
     </span>
     <span class='ocr_line' id='line_1_16' title="bbox 260 2043 1638 2116; baseline -0.015 -2"><span class='ocrx_word' id='word_1_165' title='bbox 260 2073 353 2114; x_wconf 86' lang='grc'><strong>000000</strong></span> <span class='ocrx_word' id='word_1_166' title='bbox 372 2059 425 2109; x_wconf 75' lang='grc'><strong>840</strong></span> <span class='ocrx_word' id='word_1_167' title='bbox 440 2069 541 2108; x_wconf 86' lang='lat' dir='ltr'><strong>summa</strong></span> <span class='ocrx_word' id='word_1_168' title='bbox 557 2047 675 2111; x_wconf 79' lang='lat' dir='ltr'><strong>Lotbarii</strong></span> <span class='ocrx_word' id='word_1_169' title='bbox 693 2049 865 2104; x_wconf 77' lang='lat' dir='ltr'><strong>familiaritate</strong></span> <span class='ocrx_word' id='word_1_170' title='bbox 883 2051 1018 2116; x_wconf 83' lang='lat' dir='ltr'><strong>utebatur,</strong></span> <span class='ocrx_word' id='word_1_171' title='bbox 1035 2046 1097 2102; x_wconf 87' lang='lat' dir='ltr'><strong>huic</strong></span> <span class='ocrx_word' id='word_1_172' title='bbox 1117 2045 1283 2116; x_wconf 78' lang='lat' dir='ltr'><strong>persuadere,</strong></span> <span class='ocrx_word' id='word_1_173' title='bbox 1307 2044 1427 2098; x_wconf 85' lang='lat' dir='ltr'><strong>Carolum</strong></span> <span class='ocrx_word' id='word_1_174' title='bbox 1445 2043 1530 2110; x_wconf 75' lang='lat' dir='ltr'><strong>culpa</strong></span> <span class='ocrx_word' id='word_1_175' title='bbox 1546 2057 1638 2110; x_wconf 81' lang='lat' dir='ltr'><strong>euper-</strong></span> 
     </span>
     <span class='ocr_line' id='line_1_17' title="bbox 261 2153 1639 2256; baseline -0.017 -26"><span class='ocrx_word' id='word_1_176' title='bbox 261 2184 313 2230; x_wconf 88' lang='lat' dir='ltr'><strong>tem</strong></span> <span class='ocrx_word' id='word_1_177' title='bbox 334 2188 392 2226; x_wconf 84' lang='lat' dir='ltr'><strong>esse</strong></span> <span class='ocrx_word' id='word_1_178' title='bbox 420 2165 648 2231; x_wconf 70' lang='lat' dir='ltr'><strong>(substituens.</strong></span> <span class='ocrx_word' id='word_1_179' title='bbox 670 2166 704 2219; x_wconf 91' lang='grc'><strong>00</strong></span> <span class='ocrx_word' id='word_1_180' title='bbox 725 2183 747 2218; x_wconf 87' lang='grc'><strong>0.</strong></span> <span class='ocrx_word' id='word_1_181' title='bbox 763 2169 859 2256; x_wconf 51' lang='lat' dir='ltr'><strong>diist</strong></span> <span class='ocrx_word' id='word_1_182' title='bbox 881 2163 966 2218; x_wconf 85' lang='grc'><strong>8481.</strong></span> <span class='ocrx_word' id='word_1_183' title='bbox 983 2181 1005 2216; x_wconf 87' lang='lat' dir='ltr'><strong>c.</strong></span> <span class='ocrx_word' id='word_1_184' title='bbox 1026 2161 1241 2231; x_wconf 71' lang='lat' dir='ltr'><strong>pauc-³0³)</strong></span> <span class='ocrx_word' id='word_1_185' title='bbox 1275 2159 1392 2216; x_wconf 81' lang='lat' dir='ltr'><strong>Tandem</strong></span> <span class='ocrx_word' id='word_1_186' title='bbox 1412 2178 1436 2214; x_wconf 91' lang='lat' dir='ltr'><strong>a.</strong></span> <span class='ocrx_word' id='word_1_187' title='bbox 1454 2161 1506 2210; x_wconf 85' lang='grc'><strong>840</strong></span> <span class='ocrx_word' id='word_1_188' title='bbox 1523 2153 1639 2210; x_wconf 82' lang='lat' dir='ltr'><strong>”Lotha·</strong></span> 
     </span>
     <span class='ocr_line' id='line_1_18' title="bbox 260 2272 1640 2348; baseline -0.014 -4"><span class='ocrx_word' id='word_1_189' title='bbox 260 2291 313 2344; x_wconf 89' lang='lat' dir='ltr'><strong>rius</strong></span> <span class='ocrx_word' id='word_1_190' title='bbox 328 2293 356 2340; x_wconf 88' lang='lat' dir='ltr'><strong>et</strong></span> <span class='ocrx_word' id='word_1_191' title='bbox 372 2283 495 2348; x_wconf 83' lang='lat' dir='ltr'><strong>Carolus,</strong></span> <span class='ocrx_word' id='word_1_192' title='bbox 518 2281 661 2334; x_wconf 91' lang='lat' dir='ltr'><strong>sanioribus</strong></span> <span class='ocrx_word' id='word_1_193' title='bbox 680 2281 719 2333; x_wconf 91' lang='lat' dir='ltr'><strong>usi</strong></span> <span class='ocrx_word' id='word_1_194' title='bbox 738 2281 866 2346; x_wconf 90' lang='lat' dir='ltr'><strong>consiliis,</strong></span> <span class='ocrx_word' id='word_1_195' title='bbox 889 2278 917 2330; x_wconf 88' lang='lat' dir='ltr'><strong>ln</strong></span> <span class='ocrx_word' id='word_1_196' title='bbox 933 2293 1021 2345; x_wconf 87' lang='lat' dir='ltr'><strong>pacem</strong></span> <span class='ocrx_word' id='word_1_197' title='bbox 1039 2291 1234 2346; x_wconf 73' lang='lat' dir='ltr'><strong>germanamque</strong></span> <span class='ocrx_word' id='word_1_198' title='bbox 1257 2273 1419 2330; x_wconf 86' lang='lat' dir='ltr'><strong>concordiam</strong></span> <span class='ocrx_word' id='word_1_199' title='bbox 1437 2272 1565 2326; x_wconf 74' lang='lat' dir='ltr'><strong>adibaau’</strong></span> <span class='ocrx_word' id='word_1_200' title='bbox 1582 2272 1640 2336; x_wconf 90' lang='lat' dir='ltr'><strong>(an-</strong></span> 
     </span>
     <span class='ocr_line' id='line_1_19' title="bbox 261 2385 1640 2464; baseline -0.015 -6"><span class='ocrx_word' id='word_1_201' title='bbox 261 2398 506 2460; x_wconf 71' lang='lat' dir='ltr'><strong>accusaturus</strong></span> <span class='ocrx_word' id='word_1_202' title='bbox 530 2413 554 2448; x_wconf 89' lang='grc'><strong>0.</strong></span> <span class='ocrx_word' id='word_1_203' title='bbox 571 2413 597 2464; x_wconf 90' lang='lat' dir='ltr'><strong>p.</strong></span> <span class='ocrx_word' id='word_1_204' title='bbox 615 2394 694 2462; x_wconf 78' lang='grc'><strong>800),</strong></span> <span class='ocrx_word' id='word_1_205' title='bbox 721 2395 861 2464; x_wconf 82' lang='lat' dir='ltr'><strong>eodemque</strong></span> <span class='ocrx_word' id='word_1_206' title='bbox 883 2407 951 2448; x_wconf 76' lang='lat' dir='ltr'><strong>auae</strong></span> <span class='ocrx_word' id='word_1_207' title='bbox 968 2389 1117 2446; x_wconf 79' lang='lat' dir='ltr'><strong>Ludovlcns</strong></span> <span class='ocrx_word' id='word_1_208' title='bbox 1140 2400 1168 2446; x_wconf 91' lang='lat' dir='ltr'><strong>et</strong></span> <span class='ocrx_word' id='word_1_209' title='bbox 1184 2393 1293 2446; x_wconf 83' lang='lat' dir='ltr'><strong>Carolus</strong></span> <span class='ocrx_word' id='word_1_210' title='bbox 1319 2407 1421 2448; x_wconf 86' lang='lat' dir='ltr'><strong>summo</strong></span> <span class='ocrx_word' id='word_1_211' title='bbox 1447 2404 1477 2442; x_wconf 88' lang='lat' dir='ltr'><strong>se</strong></span> <span class='ocrx_word' id='word_1_212' title='bbox 1500 2385 1588 2441; x_wconf 87' lang='lat' dir='ltr'><strong>studio</strong></span> <span class='ocrx_word' id='word_1_213' title='bbox 1611 2394 1640 2439; x_wconf 88' lang='lat' dir='ltr'><strong>et</strong></span> 
     </span>
     <span class='ocr_line' id='line_1_20' title="bbox 261 2502 1639 2588; baseline -0.012 -16"><span class='ocrx_word' id='word_1_214' title='bbox 261 2533 348 2572; x_wconf 91' lang='lat' dir='ltr'><strong>amore</strong></span> <span class='ocrx_word' id='word_1_215' title='bbox 365 2509 585 2584; x_wconf 88' lang='lat' dir='ltr'><strong>amplectebantur</strong></span> <span class='ocrx_word' id='word_1_216' title='bbox 593 2513 617 2578; x_wconf 83' lang='lat'><strong>³,</strong></span> <span class='ocrx_word' id='word_1_217' title='bbox 634 2507 681 2564; x_wconf 89' lang='lat' dir='ltr'><strong>sed</strong></span> <span class='ocrx_word' id='word_1_218' title='bbox 699 2507 912 2588; x_wconf 25' lang='lat' dir='ltr'><strong>Lutbarinbinsisi</strong></span> <span class='ocrx_word' id='word_1_219' title='bbox 926 2505 1007 2560; x_wconf 82' lang='lat' dir='ltr'><strong>luisse</strong></span> <span class='ocrx_word' id='word_1_220' title='bbox 1024 2505 1150 2560; x_wconf 85' lang='lat' dir='ltr'><strong>ridentur.</strong></span> <span class='ocrx_word' id='word_1_221' title='bbox 1168 2510 1172 2521; x_wconf 90' lang='lat'>&#39;</span> <span class='ocrx_word' id='word_1_222' title='bbox 1192 2505 1280 2574; x_wconf 79' lang='lat' dir='ltr'><strong>Neque</strong></span> <span class='ocrx_word' id='word_1_223' title='bbox 1297 2507 1365 2560; x_wconf 91' lang='lat' dir='ltr'><strong>enim</strong></span> <span class='ocrx_word' id='word_1_224' title='bbox 1382 2505 1408 2559; x_wconf 91' lang='lat' dir='ltr'><strong>ei</strong></span> <span class='ocrx_word' id='word_1_225' title='bbox 1425 2503 1451 2559; x_wconf 91' lang='lat' dir='ltr'><strong>in</strong></span> <span class='ocrx_word' id='word_1_226' title='bbox 1468 2502 1639 2574; x_wconf 87' lang='lat' dir='ltr'><strong>opprimendo</strong></span> 
     </span>
     <span class='ocr_line' id='line_1_21' title="bbox 262 2591 1638 2695; baseline -0.005 -17"><span class='ocrx_word' id='word_1_227' title='bbox 262 2632 399 2695; x_wconf 64' lang='lat' dir='ltr'><strong>Meum,</strong></span> <span class='ocrx_word' id='word_1_228' title='bbox 422 2628 464 2694; x_wconf 84' lang='lat' dir='ltr'><strong>qul</strong></span> <span class='ocrx_word' id='word_1_229' title='bbox 482 2627 515 2677; x_wconf 91' lang='lat' dir='ltr'><strong>ab</strong></span> <span class='ocrx_word' id='word_1_230' title='bbox 532 2624 576 2676; x_wconf 89' lang='lat' dir='ltr'><strong>illo</strong></span> <span class='ocrx_word' id='word_1_231' title='bbox 594 2623 732 2686; x_wconf 86' lang='lat' dir='ltr'><strong>deiecerat,</strong></span> <span class='ocrx_word' id='word_1_232' title='bbox 747 2637 822 2693; x_wconf 87' lang='lat' dir='ltr'><strong>opem</strong></span> <span class='ocrx_word' id='word_1_233' title='bbox 840 2623 971 2686; x_wconf 81' lang='lat' dir='ltr'><strong>terebant,</strong></span> <span class='ocrx_word' id='word_1_234' title='bbox 988 2619 1055 2688; x_wconf 83' lang='lat' dir='ltr'><strong>quod</strong></span> <span class='ocrx_word' id='word_1_235' title='bbox 1071 2629 1166 2682; x_wconf 87' lang='lat' dir='ltr'><strong>tamen,</strong></span> <span class='ocrx_word' id='word_1_236' title='bbox 1186 2621 1281 2674; x_wconf 80' lang='lat' dir='ltr'><strong>Retico</strong></span> <span class='ocrx_word' id='word_1_237' title='bbox 1299 2619 1409 2673; x_wconf 80' lang='lat' dir='ltr'><strong>Frisium</strong></span> <span class='ocrx_word' id='word_1_238' title='bbox 1426 2626 1453 2673; x_wconf 92' lang='lat' dir='ltr'><strong>et</strong></span> <span class='ocrx_word' id='word_1_239' title='bbox 1470 2591 1539 2673; x_wconf 79' lang='lat' dir='ltr'><strong>aliua¹</strong></span> <span class='ocrx_word' id='word_1_240' title='bbox 1552 2619 1638 2686; x_wconf 77' lang='lat' dir='ltr'><strong>regnis</strong></span> 
     </span>
     <span class='ocr_line' id='line_1_22' title="bbox 261 2733 1637 2817; baseline -0.012 -15"><span class='ocrx_word' id='word_1_241' title='bbox 261 2751 376 2817; x_wconf 86' lang='lat' dir='ltr'><strong>ipsorum</strong></span> <span class='ocrx_word' id='word_1_242' title='bbox 393 2741 491 2796; x_wconf 83' lang='lat' dir='ltr'><strong>ricinos</strong></span> <span class='ocrx_word' id='word_1_243' title='bbox 510 2744 610 2790; x_wconf 89' lang='lat' dir='ltr'><strong>tractus</strong></span> <span class='ocrx_word' id='word_1_244' title='bbox 633 2746 748 2794; x_wconf 84' lang='grc'><strong>00000000</strong></span> <span class='ocrx_word' id='word_1_245' title='bbox 759 2744 782 2807; x_wconf 84' lang='lat'><strong>⁴,</strong></span> <span class='ocrx_word' id='word_1_246' title='bbox 805 2741 875 2794; x_wconf 90' lang='lat' dir='ltr'><strong>nulla</strong></span> <span class='ocrx_word' id='word_1_247' title='bbox 895 2741 1008 2804; x_wconf 84' lang='lat' dir='ltr'><strong>ratione,</strong></span> <span class='ocrx_word' id='word_1_248' title='bbox 1032 2745 1062 2790; x_wconf 91' lang='lat' dir='ltr'><strong>nt</strong></span> <span class='ocrx_word' id='word_1_249' title='bbox 1085 2739 1195 2804; x_wconf 85' lang='lat' dir='ltr'><strong>propriae</strong></span> <span class='ocrx_word' id='word_1_250' title='bbox 1214 2737 1290 2810; x_wconf 78' lang='grc'><strong>000000</strong></span> <span class='ocrx_word' id='word_1_251' title='bbox 1314 2735 1491 2800; x_wconf 86' lang='lat' dir='ltr'><strong>consulerent,</strong></span> <span class='ocrx_word' id='word_1_252' title='bbox 1509 2733 1637 2816; x_wconf 41' lang='lat' dir='ltr'><strong>&#39;omittere</strong></span> 
     </span>
     <span class='ocr_line' id='line_1_23' title="bbox 264 2848 1636 2923; baseline -0.012 -7"><span class='ocrx_word' id='word_1_253' title='bbox 264 2861 400 2916; x_wconf 87' lang='lat' dir='ltr'><strong>debebant.</strong></span> <span class='ocrx_word' id='word_1_254' title='bbox 428 2855 488 2922; x_wconf 90' lang='lat' dir='ltr'><strong>lpse</strong></span> <span class='ocrx_word' id='word_1_255' title='bbox 506 2867 603 2920; x_wconf 76' lang='lat' dir='ltr'><strong>qnoque</strong></span> <span class='ocrx_word' id='word_1_256' title='bbox 621 2852 729 2906; x_wconf 85' lang='lat' dir='ltr'><strong>Carolus</strong></span> <span class='ocrx_word' id='word_1_257' title='bbox 746 2856 862 2909; x_wconf 81' lang='lat' dir='ltr'><strong>timuisse</strong></span> <span class='ocrx_word' id='word_1_258' title='bbox 880 2855 1042 2923; x_wconf 84' lang='grc' dir='ltr'><strong>0000000,οε</strong></span> <span class='ocrx_word' id='word_1_259' title='bbox 1060 2850 1200 2906; x_wconf 88' lang='lat' dir='ltr'><strong>Lothariua</strong></span> <span class='ocrx_word' id='word_1_260' title='bbox 1215 2848 1265 2903; x_wconf 87' lang='grc'><strong>000</strong></span> <span class='ocrx_word' id='word_1_261' title='bbox 1281 2849 1428 2904; x_wconf 79' lang='lat' dir='ltr'><strong>uindicaret.</strong></span> <span class='ocrx_word' id='word_1_262' title='bbox 1463 2851 1551 2905; x_wconf 75' lang='lat' dir='ltr'><strong>Quum</strong></span> <span class='ocrx_word' id='word_1_263' title='bbox 1569 2849 1636 2902; x_wconf 90' lang='lat' dir='ltr'><strong>euim</strong></span> 
     </span>
     <span class='ocr_line' id='line_1_24' title="bbox 262 2961 1638 3040; baseline -0.007 -14"><span class='ocrx_word' id='word_1_264' title='bbox 262 2971 332 3026; x_wconf 84' lang='lat' dir='ltr'><strong>brevi</strong></span> <span class='ocrx_word' id='word_1_265' title='bbox 353 2975 413 3040; x_wconf 90' lang='lat' dir='ltr'><strong>post</strong></span> <span class='ocrx_word' id='word_1_266' title='bbox 433 2969 488 3035; x_wconf 85' lang='lat' dir='ltr'><strong>ipse</strong></span> <span class='ocrx_word' id='word_1_267' title='bbox 510 2966 743 3021; x_wconf 88' lang='lat' dir='ltr'><strong>sNormanuorum</strong></span> <span class='ocrx_word' id='word_1_268' title='bbox 766 2967 833 3022; x_wconf 87' lang='lat' dir='ltr'><strong>duce</strong></span> <span class='ocrx_word' id='word_1_269' title='bbox 848 2969 991 3027; x_wconf 86' lang='lat' dir='ltr'><strong>Godoirido</strong></span> <span class='ocrx_word' id='word_1_270' title='bbox 1014 2977 1188 3037; x_wconf 86' lang='lat' dir='ltr'><strong>premeretur,</strong></span> <span class='ocrx_word' id='word_1_271' title='bbox 1214 2976 1241 3021; x_wconf 86' lang='lat' dir='ltr'><strong>et</strong></span> <span class='ocrx_word' id='word_1_272' title='bbox 1258 2961 1399 3019; x_wconf 85' lang='lat' dir='ltr'><strong>Lothsrius</strong></span> <span class='ocrx_word' id='word_1_273' title='bbox 1420 2965 1507 3034; x_wconf 87' lang='lat' dir='ltr'><strong>copias</strong></span> <span class='ocrx_word' id='word_1_274' title='bbox 1527 2969 1638 3034; x_wconf 87' lang='lat' dir='ltr'><strong>pararet,</strong></span> 
     </span>
     <span class='ocr_line' id='line_1_25' title="bbox 264 3078 1636 3155; baseline -0.006 -15"><span class='ocrx_word' id='word_1_275' title='bbox 264 3087 354 3155; x_wconf 74' lang='lat' dir='ltr'><strong>qulbus</strong></span> <span class='ocrx_word' id='word_1_276' title='bbox 371 3081 420 3151; x_wconf 89' lang='lat' dir='ltr'><strong>ipsi</strong></span> <span class='ocrx_word' id='word_1_277' title='bbox 439 3081 600 3148; x_wconf 82' lang='lat' dir='ltr'><strong>subveniret,</strong></span> <span class='ocrx_word' id='word_1_278' title='bbox 624 3081 749 3136; x_wconf 74' lang='lat' dir='ltr'><strong>”Umolns</strong></span> <span class='ocrx_word' id='word_1_279' title='bbox 770 3085 837 3138; x_wconf 82' lang='lat' dir='ltr'><strong>clam</strong></span> <span class='ocrx_word' id='word_1_280' title='bbox 852 3083 1023 3140; x_wconf 79' lang='lat' dir='ltr'><strong>(iodolridum</strong></span> <span class='ocrx_word' id='word_1_281' title='bbox 1046 3101 1106 3138; x_wconf 87' lang='lat' dir='ltr'><strong>eum</strong></span> <span class='ocrx_word' id='word_1_282' title='bbox 1126 3085 1181 3136; x_wconf 79' lang='lat' dir='ltr'><strong>suris</strong></span> <span class='ocrx_word' id='word_1_283' title='bbox 1198 3082 1224 3134; x_wconf 91' lang='lat' dir='ltr'><strong>ln</strong></span> <span class='ocrx_word' id='word_1_284' title='bbox 1246 3081 1395 3134; x_wconf 89' lang='lat' dir='ltr'><strong>societatem</strong></span> <span class='ocrx_word' id='word_1_285' title='bbox 1413 3079 1487 3146; x_wconf 74' lang='lat' dir='ltr'><strong>mgni</strong></span> <span class='ocrx_word' id='word_1_286' title='bbox 1504 3078 1636 3146; x_wconf 84' lang='lat' dir='ltr'><strong>suscepit”</strong></span> 
     </span>
     <span class='ocr_line' id='line_1_26' title="bbox 262 3161 1638 3268; baseline -0.008 -14"><span class='ocrx_word' id='word_1_287' title='bbox 262 3201 332 3268; x_wconf 88' lang='lat' dir='ltr'><strong>(anu.</strong></span> <span class='ocrx_word' id='word_1_288' title='bbox 347 3199 459 3253; x_wconf 84' lang='lat' dir='ltr'><strong>Meteus.</strong></span> <span class='ocrx_word' id='word_1_289' title='bbox 477 3193 511 3248; x_wconf 88' lang='lat' dir='ltr'><strong>ad</strong></span> <span class='ocrx_word' id='word_1_290' title='bbox 526 3209 550 3248; x_wconf 87' lang='grc'><strong>0.</strong></span> <span class='ocrx_word' id='word_1_291' title='bbox 566 3194 628 3262; x_wconf 84' lang='grc'><strong>800)</strong></span> <span class='ocrx_word' id='word_1_292' title='bbox 636 3193 651 3262; x_wconf 73' lang='lat' dir='ltr'><strong>p</strong></span> <span class='ocrx_word' id='word_1_293' title='bbox 671 3211 720 3262; x_wconf 83' lang='lat' dir='ltr'><strong>qvo</strong></span> <span class='ocrx_word' id='word_1_294' title='bbox 739 3197 807 3250; x_wconf 88' lang='lat' dir='ltr'><strong>lacto</strong></span> <span class='ocrx_word' id='word_1_295' title='bbox 826 3195 982 3252; x_wconf 73' lang='lat' dir='ltr'><strong>”Letharius</strong></span> <span class='ocrx_word' id='word_1_296' title='bbox 997 3197 1030 3252; x_wconf 92' lang='lat' dir='ltr'><strong>ad</strong></span> <span class='ocrx_word' id='word_1_297' title='bbox 1048 3161 1151 3268; x_wconf 80' lang='lat' dir='ltr'><strong>propria</strong></span> <span class='ocrx_word' id='word_1_298' title='bbox 1169 3211 1285 3250; x_wconf 85' lang='lat' dir='ltr'><strong>resersus</strong></span> <span class='ocrx_word' id='word_1_299' title='bbox 1304 3203 1362 3248; x_wconf 76' lang='lat' dir='ltr'><strong>eat⁸³</strong></span> <span class='ocrx_word' id='word_1_300' title='bbox 1380 3191 1474 3261; x_wconf 89' lang='lat' dir='ltr'><strong>(ibid.)</strong></span> <span class='ocrx_word' id='word_1_301' title='bbox 1515 3191 1580 3246; x_wconf 82' lang='lat' dir='ltr'><strong>llaec</strong></span> <span class='ocrx_word' id='word_1_302' title='bbox 1600 3199 1638 3244; x_wconf 88' lang='lat' dir='ltr'><strong>ta-</strong></span> 
     </span>
     <span class='ocr_line' id='line_1_27' title="bbox 261 3309 1635 3378; baseline -0.006 -8"><span class='ocrx_word' id='word_1_303' title='bbox 261 3331 320 3370; x_wconf 88' lang='lat' dir='ltr'><strong>men</strong></span> <span class='ocrx_word' id='word_1_304' title='bbox 343 3317 433 3366; x_wconf 90' lang='lat' dir='ltr'><strong>mutua</strong></span> <span class='ocrx_word' id='word_1_305' title='bbox 453 3310 569 3363; x_wconf 88' lang='lat' dir='ltr'><strong>simultas</strong></span> <span class='ocrx_word' id='word_1_306' title='bbox 595 3327 619 3362; x_wconf 93' lang='lat' dir='ltr'><strong>a.</strong></span> <span class='ocrx_word' id='word_1_307' title='bbox 634 3313 685 3361; x_wconf 83' lang='grc'><strong>801</strong></span> <span class='ocrx_word' id='word_1_308' title='bbox 704 3313 847 3378; x_wconf 85' lang='lat' dir='ltr'><strong>composita</strong></span> <span class='ocrx_word' id='word_1_309' title='bbox 862 3321 910 3366; x_wconf 82' lang='lat' dir='ltr'><strong>est</strong></span> <span class='ocrx_word' id='word_1_310' title='bbox 954 3315 1012 3366; x_wconf 84' lang='lat' dir='ltr'><strong>Jam</strong></span> <span class='ocrx_word' id='word_1_311' title='bbox 1036 3315 1103 3366; x_wconf 90' lang='lat' dir='ltr'><strong>enim</strong></span> <span class='ocrx_word' id='word_1_312' title='bbox 1122 3320 1175 3366; x_wconf 87' lang='lat' dir='ltr'><strong>tres</strong></span> <span class='ocrx_word' id='word_1_313' title='bbox 1197 3312 1289 3364; x_wconf 86' lang='lat' dir='ltr'><strong>iratres</strong></span> <span class='ocrx_word' id='word_1_314' title='bbox 1312 3309 1399 3378; x_wconf 79' lang='lat' dir='ltr'><strong>”apud</strong></span> <span class='ocrx_word' id='word_1_315' title='bbox 1420 3309 1550 3361; x_wconf 79' lang='lat' dir='ltr'><strong>Marsuam</strong></span> <span class='ocrx_word' id='word_1_316' title='bbox 1569 3309 1635 3377; x_wconf 87' lang='lat' dir='ltr'><strong>pala·</strong></span> 
     </span>
     <span class='ocr_line' id='line_1_28' title="bbox 262 3401 1639 3502; baseline -0.005 -20"><span class='ocrx_word' id='word_1_317' title='bbox 262 3431 344 3484; x_wconf 78' lang='lat' dir='ltr'><strong>tium’·</strong></span> <span class='ocrx_word' id='word_1_318' title='bbox 363 3425 556 3490; x_wconf 85' lang='lat' dir='ltr'><strong>conuenientes,</strong></span> <span class='ocrx_word' id='word_1_319' title='bbox 568 3431 730 3492; x_wconf 85' lang='lat' dir='ltr'><strong>.”procerum</strong></span> <span class='ocrx_word' id='word_1_320' title='bbox 753 3441 858 3480; x_wconf 91' lang='lat' dir='ltr'><strong>suorum</strong></span> <span class='ocrx_word' id='word_1_321' title='bbox 877 3428 984 3482; x_wconf 84' lang='lat' dir='ltr'><strong>consilio</strong></span> <span class='ocrx_word' id='word_1_322' title='bbox 1002 3427 1156 3502; x_wconf 78' lang='lat' dir='ltr'><strong>decernunt=</strong></span> <span class='ocrx_word' id='word_1_323' title='bbox 1182 3433 1211 3480; x_wconf 91' lang='lat' dir='ltr'><strong>ut</strong></span> <span class='ocrx_word' id='word_1_324' title='bbox 1223 3425 1338 3478; x_wconf 89' lang='lat' dir='ltr'><strong>omnium</strong></span> <span class='ocrx_word' id='word_1_325' title='bbox 1354 3401 1541 3492; x_wconf 80' lang='lat' dir='ltr'><strong>praeteritorum</strong></span> <span class='ocrx_word' id='word_1_326' title='bbox 1560 3423 1639 3476; x_wconf 87' lang='lat' dir='ltr'><strong>malo·</strong></span> 
     </span>
     <span class='ocr_line' id='line_1_29' title="bbox 262 3536 1638 3608; baseline -0.004 -12"><span class='ocrx_word' id='word_1_327' title='bbox 262 3557 319 3596; x_wconf 87' lang='lat' dir='ltr'><strong>rum</strong></span> <span class='ocrx_word' id='word_1_328' title='bbox 339 3547 366 3594; x_wconf 88' lang='lat' dir='ltr'><strong>et</strong></span> <span class='ocrx_word' id='word_1_329' title='bbox 381 3538 589 3593; x_wconf 87' lang='lat' dir='ltr'><strong>contrarietatum</strong></span> <span class='ocrx_word' id='word_1_330' title='bbox 605 3543 632 3591; x_wconf 91' lang='lat' dir='ltr'><strong>et</strong></span> <span class='ocrx_word' id='word_1_331' title='bbox 646 3539 883 3608; x_wconf 80' lang='lat' dir='ltr'><strong>supplantationum</strong></span> <span class='ocrx_word' id='word_1_332' title='bbox 901 3557 932 3594; x_wconf 90' lang='lat' dir='ltr'><strong>ac</strong></span> <span class='ocrx_word' id='word_1_333' title='bbox 948 3541 1072 3594; x_wconf 89' lang='lat' dir='ltr'><strong>malorum</strong></span> <span class='ocrx_word' id='word_1_334' title='bbox 1093 3536 1310 3593; x_wconf 84' lang='lat' dir='ltr'><strong>machinationum</strong></span> <span class='ocrx_word' id='word_1_335' title='bbox 1329 3555 1375 3590; x_wconf 91' lang='lat' dir='ltr'><strong>seu</strong></span> <span class='ocrx_word' id='word_1_336' title='bbox 1391 3539 1594 3592; x_wconf 85' lang='lat' dir='ltr'><strong>nocimentorum</strong></span> <span class='ocrx_word' id='word_1_337' title='bbox 1610 3540 1638 3590; x_wconf 88' lang='lat' dir='ltr'><strong>iu</strong></span> 
     </span>
     <span class='ocr_line' id='line_1_30' title="bbox 263 3639 1637 3722; baseline -0.002 -13"><span class='ocrx_word' id='word_1_338' title='bbox 263 3657 371 3710; x_wconf 80' lang='lat' dir='ltr'><strong>inuicem</strong></span> <span class='ocrx_word' id='word_1_339' title='bbox 387 3660 504 3706; x_wconf 79' lang='grc'><strong>00000000</strong></span> <span class='ocrx_word' id='word_1_340' title='bbox 521 3654 627 3708; x_wconf 88' lang='lat' dir='ltr'><strong>abolitio</strong></span> <span class='ocrx_word' id='word_1_341' title='bbox 643 3655 680 3707; x_wconf 90' lang='lat' dir='ltr'><strong>ita</strong></span> <span class='ocrx_word' id='word_1_342' title='bbox 694 3655 761 3708; x_wconf 88' lang='lat' dir='ltr'><strong>inter</strong></span> <span class='ocrx_word' id='word_1_343' title='bbox 776 3671 824 3708; x_wconf 92' lang='lat' dir='ltr'><strong>uos</strong></span> <span class='ocrx_word' id='word_1_344' title='bbox 838 3658 899 3717; x_wconf 88' lang='lat' dir='ltr'><strong>liat,</strong></span> <span class='ocrx_word' id='word_1_345' title='bbox 917 3661 944 3707; x_wconf 93' lang='lat' dir='ltr'><strong>et</strong></span> <span class='ocrx_word' id='word_1_346' title='bbox 961 3670 976 3707; x_wconf 91' lang='lat' dir='ltr'><strong>a</strong></span> <span class='ocrx_word' id='word_1_347' title='bbox 992 3656 1086 3708; x_wconf 86' lang='lat' dir='ltr'><strong>nostris</strong></span> <span class='ocrx_word' id='word_1_348' title='bbox 1099 3639 1221 3707; x_wconf 84' lang='lat' dir='ltr'><strong>cordibus</strong></span> <span class='ocrx_word' id='word_1_349' title='bbox 1235 3653 1338 3722; x_wconf 87' lang='lat' dir='ltr'><strong>penitus</strong></span> <span class='ocrx_word' id='word_1_350' title='bbox 1354 3651 1477 3706; x_wconf 80' lang='lat' dir='ltr'><strong>avelletur</strong></span> <span class='ocrx_word' id='word_1_351' title='bbox 1493 3669 1552 3706; x_wconf 91' lang='lat' dir='ltr'><strong>cum</strong></span> <span class='ocrx_word' id='word_1_352' title='bbox 1568 3655 1637 3706; x_wconf 86' lang='lat' dir='ltr'><strong>omni</strong></span> 
     </span>
     <span class='ocr_line' id='line_1_31' title="bbox 262 3767 1636 3834; baseline -0.003 -8"><span class='ocrx_word' id='word_1_353' title='bbox 262 3771 359 3826; x_wconf 87' lang='lat' dir='ltr'><strong>malitia</strong></span> <span class='ocrx_word' id='word_1_354' title='bbox 374 3775 402 3822; x_wconf 92' lang='lat' dir='ltr'><strong>et</strong></span> <span class='ocrx_word' id='word_1_355' title='bbox 418 3783 523 3820; x_wconf 89' lang='lat' dir='ltr'><strong>rancore</strong></span> <span class='ocrx_word' id='word_1_356' title='bbox 531 3769 554 3834; x_wconf 80' lang='lat'><strong>⁸,</strong></span> <span class='ocrx_word' id='word_1_357' title='bbox 581 3773 610 3820; x_wconf 94' lang='lat' dir='ltr'><strong>ut</strong></span> <span class='ocrx_word' id='word_1_358' title='bbox 630 3783 678 3820; x_wconf 87' lang='lat' dir='ltr'><strong>nec</strong></span> <span class='ocrx_word' id='word_1_359' title='bbox 699 3769 725 3822; x_wconf 90' lang='lat' dir='ltr'><strong>in</strong></span> <span class='ocrx_word' id='word_1_360' title='bbox 746 3770 894 3823; x_wconf 85' lang='lat' dir='ltr'><strong>memoriam</strong></span> <span class='ocrx_word' id='word_1_361' title='bbox 916 3767 949 3821; x_wconf 91' lang='lat' dir='ltr'><strong>ad</strong></span> <span class='ocrx_word' id='word_1_362' title='bbox 972 3767 1165 3823; x_wconf 88' lang='lat' dir='ltr'><strong>retributionem</strong></span> <span class='ocrx_word' id='word_1_363' title='bbox 1189 3769 1247 3822; x_wconf 85' lang='lat' dir='ltr'><strong>mali</strong></span> <span class='ocrx_word' id='word_1_364' title='bbox 1271 3769 1310 3822; x_wconf 85' lang='lat' dir='ltr'><strong>vel</strong></span> <span class='ocrx_word' id='word_1_365' title='bbox 1328 3769 1516 3822; x_wconf 81' lang='lat' dir='ltr'><strong>contrarietatis</strong></span> <span class='ocrx_word' id='word_1_366' title='bbox 1534 3767 1574 3822; x_wconf 87' lang='lat' dir='ltr'><strong>rel</strong></span> <span class='ocrx_word' id='word_1_367' title='bbox 1592 3769 1636 3822; x_wconf 89' lang='lat' dir='ltr'><strong>iru-</strong></span> 
     </span>
     <span class='ocr_line' id='line_1_32' title="bbox 264 3877 1639 3956; baseline 0 -16"><span class='ocrx_word' id='word_1_368' title='bbox 264 3883 398 3956; x_wconf 71' lang='lat' dir='ltr'><strong>properli&#39;</strong></span> <span class='ocrx_word' id='word_1_369' title='bbox 416 3881 449 3936; x_wconf 90' lang='lat' dir='ltr'><strong>de</strong></span> <span class='ocrx_word' id='word_1_370' title='bbox 467 3887 553 3935; x_wconf 91' lang='lat' dir='ltr'><strong>cetero</strong></span> <span class='ocrx_word' id='word_1_371' title='bbox 570 3880 663 3934; x_wconf 83' lang='lat' dir='ltr'><strong>exinde</strong></span> <span class='ocrx_word' id='word_1_372' title='bbox 680 3881 800 3949; x_wconf 80' lang='lat' dir='ltr'><strong>quiddam</strong></span> <span class='ocrx_word' id='word_1_373' title='bbox 818 3877 880 3936; x_wconf 71' lang='lat' dir='ltr'><strong>liat*</strong></span> <span class='ocrx_word' id='word_1_374' title='bbox 899 3883 970 3947; x_wconf 90' lang='lat' dir='ltr'><strong>(ann.</strong></span> <span class='ocrx_word' id='word_1_375' title='bbox 987 3881 1083 3936; x_wconf 80' lang='lat' dir='ltr'><strong>Berlin.</strong></span> <span class='ocrx_word' id='word_1_376' title='bbox 1100 3883 1117 3935; x_wconf 87' lang='lat' dir='ltr'><strong>l.</strong></span> <span class='ocrx_word' id='word_1_377' title='bbox 1133 3900 1155 3934; x_wconf 89' lang='lat' dir='ltr'><strong>c.</strong></span> <span class='ocrx_word' id='word_1_378' title='bbox 1174 3900 1201 3951; x_wconf 88' lang='lat' dir='ltr'><strong>p.</strong></span> <span class='ocrx_word' id='word_1_379' title='bbox 1218 3881 1289 3947; x_wconf 76' lang='grc'><strong>004).</strong></span> <span class='ocrx_word' id='word_1_380' title='bbox 1334 3882 1401 3936; x_wconf 84' lang='lat' dir='ltr'><strong>Hinc</strong></span> <span class='ocrx_word' id='word_1_381' title='bbox 1419 3881 1527 3938; x_wconf 86' lang='lat' dir='ltr'><strong>Carolus</strong></span> <span class='ocrx_word' id='word_1_382' title='bbox 1545 3893 1571 3940; x_wconf 89' lang='lat' dir='ltr'><strong>et</strong></span> <span class='ocrx_word' id='word_1_383' title='bbox 1588 3885 1639 3940; x_wconf 78' lang='lat' dir='ltr'><strong>Lo-</strong></span> 
     </span>
     <span class='ocr_line' id='line_1_33' title="bbox 263 3989 1637 4068; baseline -0.001 -12"><span class='ocrx_word' id='word_1_384' title='bbox 263 4001 362 4056; x_wconf 85' lang='lat' dir='ltr'><strong>tlaarins</strong></span> <span class='ocrx_word' id='word_1_385' title='bbox 379 3993 566 4061; x_wconf 80' lang='lat' dir='ltr'><strong>Goduiridum,</strong></span> <span class='ocrx_word' id='word_1_386' title='bbox 591 4011 615 4047; x_wconf 90' lang='grc'><strong>0.</strong></span> <span class='ocrx_word' id='word_1_387' title='bbox 633 3989 686 4048; x_wconf 77' lang='grc'><strong>804</strong></span> <span class='ocrx_word' id='word_1_388' title='bbox 703 3997 795 4054; x_wconf 86' lang='lat' dir='ltr'><strong>lterum</strong></span> <span class='ocrx_word' id='word_1_389' title='bbox 812 4013 828 4050; x_wconf 89' lang='lat' dir='ltr'><strong>a</strong></span> <span class='ocrx_word' id='word_1_390' title='bbox 843 3995 968 4051; x_wconf 83' lang='lat' dir='ltr'><strong>Lethario</strong></span> <span class='ocrx_word' id='word_1_391' title='bbox 984 3995 1160 4065; x_wconf 87' lang='lat' dir='ltr'><strong>deiicientem,</strong></span> <span class='ocrx_word' id='word_1_392' title='bbox 1180 3998 1278 4066; x_wconf 85' lang='lat' dir='ltr'><strong>junctis</strong></span> <span class='ocrx_word' id='word_1_393' title='bbox 1295 3998 1371 4051; x_wconf 90' lang='lat' dir='ltr'><strong>armls</strong></span> <span class='ocrx_word' id='word_1_394' title='bbox 1389 4009 1544 4066; x_wconf 86' lang='lat' dir='ltr'><strong>superarunt</strong></span> <span class='ocrx_word' id='word_1_395' title='bbox 1563 4001 1637 4068; x_wconf 89' lang='lat' dir='ltr'><strong>(ibid.</strong></span> 
     </span>
     <span class='ocr_line' id='line_1_34' title="bbox 264 4105 1638 4184; baseline 0.003 -18"><span class='ocrx_word' id='word_1_396' title='bbox 264 4135 288 4184; x_wconf 86' lang='lat' dir='ltr'><strong>p.</strong></span> <span class='ocrx_word' id='word_1_397' title='bbox 298 4115 371 4180; x_wconf 72' lang='grc'><strong>800),</strong></span> <span class='ocrx_word' id='word_1_398' title='bbox 388 4118 414 4165; x_wconf 86' lang='grc'><strong>00</strong></span> <span class='ocrx_word' id='word_1_399' title='bbox 423 4105 563 4164; x_wconf 86' lang='lat' dir='ltr'><strong>Letharins</strong></span> <span class='ocrx_word' id='word_1_400' title='bbox 580 4111 695 4177; x_wconf 78' lang='lat' dir='ltr'><strong>sequenti</strong></span> <span class='ocrx_word' id='word_1_401' title='bbox 713 4126 779 4165; x_wconf 91' lang='lat' dir='ltr'><strong>anuo</strong></span> <span class='ocrx_word' id='word_1_402' title='bbox 798 4111 900 4166; x_wconf 77' lang='lat' dir='ltr'><strong>&#39;’cmoli</strong></span> <span class='ocrx_word' id='word_1_403' title='bbox 918 4110 995 4164; x_wconf 86' lang='lat' dir='ltr'><strong>liliam</strong></span> <span class='ocrx_word' id='word_1_404' title='bbox 1014 4127 1029 4164; x_wconf 89' lang='grc'><strong>0</strong></span> <span class='ocrx_word' id='word_1_405' title='bbox 1046 4126 1119 4166; x_wconf 86' lang='lat' dir='ltr'><strong>sacro</strong></span> <span class='ocrx_word' id='word_1_406' title='bbox 1136 4110 1208 4166; x_wconf 84' lang='lat' dir='ltr'><strong>ioute</strong></span> <span class='ocrx_word' id='word_1_407' title='bbox 1226 4114 1356 4180; x_wconf 85' lang='lat' dir='ltr'><strong>suscepit”</strong></span> <span class='ocrx_word' id='word_1_408' title='bbox 1374 4112 1470 4181; x_wconf 83' lang='lat' dir='ltr'><strong>(ibid).</strong></span> <span class='ocrx_word' id='word_1_409' title='bbox 1481 4142 1514 4156; x_wconf 90' lang='lat'><strong>·-</strong></span> <span class='ocrx_word' id='word_1_410' title='bbox 1533 4115 1587 4170; x_wconf 91' lang='lat' dir='ltr'><strong>Sed</strong></span> <span class='ocrx_word' id='word_1_411' title='bbox 1605 4133 1638 4170; x_wconf 84' lang='lat' dir='ltr'><strong>ex</strong></span> 
     </span>
     <span class='ocr_line' id='line_1_35' title="bbox 265 4223 1639 4296; baseline 0 -15"><span class='ocrx_word' id='word_1_412' title='bbox 265 4231 314 4281; x_wconf 89' lang='lat' dir='ltr'><strong>boc</strong></span> <span class='ocrx_word' id='word_1_413' title='bbox 328 4235 445 4294; x_wconf 89' lang='lat' dir='ltr'><strong>tempore</strong></span> <span class='ocrx_word' id='word_1_414' title='bbox 462 4223 624 4289; x_wconf 85' lang='grc'><strong>0000000000,</strong></span> <span class='ocrx_word' id='word_1_415' title='bbox 642 4227 675 4278; x_wconf 88' lang='grc'><strong>00</strong></span> <span class='ocrx_word' id='word_1_416' title='bbox 690 4227 821 4293; x_wconf 77' lang='lat' dir='ltr'><strong>Aquitanis</strong></span> <span class='ocrx_word' id='word_1_417' title='bbox 839 4225 872 4280; x_wconf 92' lang='grc'><strong>00</strong></span> <span class='ocrx_word' id='word_1_418' title='bbox 890 4235 998 4294; x_wconf 77' lang='lat' dir='ltr'><strong>regnum</strong></span> <span class='ocrx_word' id='word_1_419' title='bbox 1020 4225 1205 4296; x_wconf 85' lang='lat' dir='ltr'><strong>capessendum</strong></span> <span class='ocrx_word' id='word_1_420' title='bbox 1221 4227 1357 4294; x_wconf 88' lang='lat' dir='ltr'><strong>inritatus,</strong></span> <span class='ocrx_word' id='word_1_421' title='bbox 1372 4229 1465 4282; x_wconf 91' lang='lat' dir='ltr'><strong>bellurn</strong></span> <span class='ocrx_word' id='word_1_422' title='bbox 1477 4229 1571 4286; x_wconf 86' lang='lat' dir='ltr'><strong>Carolo</strong></span> <span class='ocrx_word' id='word_1_423' title='bbox 1589 4231 1639 4282; x_wconf 87' lang='lat' dir='ltr'><strong>ira-</strong></span> 
     </span>
     <span class='ocr_line' id='line_1_36' title="bbox 266 4339 1640 4410; baseline 0.001 -15"><span class='ocrx_word' id='word_1_424' title='bbox 266 4344 298 4396; x_wconf 89' lang='lat' dir='ltr'><strong>tri</strong></span> <span class='ocrx_word' id='word_1_425' title='bbox 316 4342 430 4409; x_wconf 88' lang='lat' dir='ltr'><strong>parabat.</strong></span> <span class='ocrx_word' id='word_1_426' title='bbox 467 4339 517 4390; x_wconf 85' lang='lat' dir='ltr'><strong>Hic</strong></span> <span class='ocrx_word' id='word_1_427' title='bbox 536 4339 629 4406; x_wconf 82' lang='lat' dir='ltr'><strong>igitur,</strong></span> <span class='ocrx_word' id='word_1_428' title='bbox 655 4347 756 4408; x_wconf 82' lang='lat' dir='ltr'><strong>&#39;’snper</strong></span> <span class='ocrx_word' id='word_1_429' title='bbox 769 4341 856 4394; x_wconf 86' lang='lat' dir='ltr'><strong>iratris</strong></span> <span class='ocrx_word' id='word_1_430' title='bbox 875 4343 916 4396; x_wconf 91' lang='lat' dir='ltr'><strong>sui</strong></span> <span class='ocrx_word' id='word_1_431' title='bbox 933 4340 1060 4395; x_wconf 83' lang='lat' dir='ltr'><strong>Ludcsici</strong></span> <span class='ocrx_word' id='word_1_432' title='bbox 1077 4340 1128 4395; x_wconf 87' lang='grc'><strong>000</strong></span> <span class='ocrx_word' id='word_1_433' title='bbox 1143 4352 1292 4410; x_wconf 89' lang='lat' dir='ltr'><strong>suspectus,</strong></span> <span class='ocrx_word' id='word_1_434' title='bbox 1319 4339 1352 4394; x_wconf 90' lang='lat' dir='ltr'><strong>ad</strong></span> <span class='ocrx_word' id='word_1_435' title='bbox 1371 4341 1524 4396; x_wconf 74' lang='lat' dir='ltr'><strong>lasbanum</strong></span> <span class='ocrx_word' id='word_1_436' title='bbox 1542 4345 1568 4397; x_wconf 90' lang='lat' dir='ltr'><strong>iu</strong></span> <span class='ocrx_word' id='word_1_437' title='bbox 1583 4344 1640 4398; x_wconf 85' lang='lat' dir='ltr'><strong>vico</strong></span> 
     </span>
     <span class='ocr_line' id='line_1_37' title="bbox 264 4451 1640 4526; baseline 0.001 -17"><span class='ocrx_word' id='word_1_438' title='bbox 264 4453 374 4509; x_wconf 61' lang='lat' dir='ltr'><strong>iseutico</strong></span> <span class='ocrx_word' id='word_1_439' title='bbox 391 4467 415 4505; x_wconf 88' lang='grc'><strong>0.</strong></span> <span class='ocrx_word' id='word_1_440' title='bbox 433 4455 486 4504; x_wconf 79' lang='grc'><strong>804</strong></span> <span class='ocrx_word' id='word_1_441' title='bbox 502 4451 601 4516; x_wconf 86' lang='grc'><strong>00000”,</strong></span> <span class='ocrx_word' id='word_1_442' title='bbox 630 4452 714 4521; x_wconf 80' lang='lat' dir='ltr'><strong>ibique</strong></span> <span class='ocrx_word' id='word_1_443' title='bbox 736 4453 828 4508; x_wconf 82' lang='lat' dir='ltr'><strong>ioedus</strong></span> <span class='ocrx_word' id='word_1_444' title='bbox 849 4471 908 4508; x_wconf 89' lang='lat' dir='ltr'><strong>curn</strong></span> <span class='ocrx_word' id='word_1_445' title='bbox 925 4471 958 4509; x_wconf 91' lang='lat' dir='ltr'><strong>eo</strong></span> <span class='ocrx_word' id='word_1_446' title='bbox 976 4455 1075 4526; x_wconf 74' lang='lat' dir='ltr'><strong>pepigit</strong></span> <span class='ocrx_word' id='word_1_447' title='bbox 1103 4453 1187 4520; x_wconf 87' lang='lat' dir='ltr'><strong>(ibid.</strong></span> <span class='ocrx_word' id='word_1_448' title='bbox 1207 4471 1233 4523; x_wconf 90' lang='lat' dir='ltr'><strong>p.</strong></span> <span class='ocrx_word' id='word_1_449' title='bbox 1250 4457 1350 4522; x_wconf 67' lang='lat'><strong>2⁰0⁸,</strong></span> <span class='ocrx_word' id='word_1_450' title='bbox 1377 4471 1410 4510; x_wconf 82' lang='lat' dir='ltr'><strong>ex</strong></span> <span class='ocrx_word' id='word_1_451' title='bbox 1433 4473 1483 4526; x_wconf 85' lang='lat' dir='ltr'><strong>qro</strong></span> <span class='ocrx_word' id='word_1_452' title='bbox 1501 4455 1640 4511; x_wconf 83' lang='lat' dir='ltr'><strong>botharins</strong></span> 
     </span>
     <span class='ocr_line' id='line_1_38' title="bbox 264 4565 1639 4639; baseline 0.004 -16"><span class='ocrx_word' id='word_1_453' title='bbox 264 4565 547 4626; x_wconf 62' lang='lat' dir='ltr'><strong>laudoricnmiratrem</strong></span> <span class='ocrx_word' id='word_1_454' title='bbox 562 4565 595 4618; x_wconf 87' lang='lat' dir='ltr'><strong>nd</strong></span> <span class='ocrx_word' id='word_1_455' title='bbox 617 4583 704 4634; x_wconf 88' lang='lat' dir='ltr'><strong>pacem</strong></span> <span class='ocrx_word' id='word_1_456' title='bbox 725 4569 875 4625; x_wconf 86' lang='lat' dir='ltr'><strong>seruandam</strong></span> <span class='ocrx_word' id='word_1_457' title='bbox 893 4573 1021 4639; x_wconf 73' lang='lat' dir='ltr'><strong>praviter,</strong></span> <span class='ocrx_word' id='word_1_458' title='bbox 1035 4568 1083 4624; x_wconf 91' lang='grc'><strong>000</strong></span> <span class='ocrx_word' id='word_1_459' title='bbox 1098 4570 1206 4636; x_wconf 79' lang='lat' dir='ltr'><strong>trustra,</strong></span> <span class='ocrx_word' id='word_1_460' title='bbox 1227 4567 1431 4624; x_wconf 85' lang='lat' dir='ltr'><strong>admonebat.-</strong></span> <span class='ocrx_word' id='word_1_461' title='bbox 1447 4570 1533 4626; x_wconf 75' lang='lat' dir='ltr'><strong>Quum</strong></span> <span class='ocrx_word' id='word_1_462' title='bbox 1553 4580 1639 4628; x_wconf 85' lang='lat' dir='ltr'><strong>autem</strong></span> 
     </span>
     <span class='ocr_line' id='line_1_39' title="bbox 263 4677 1639 4752; baseline 0.003 -16"><span class='ocrx_word' id='word_1_463' title='bbox 263 4677 403 4736; x_wconf 79' lang='grc' dir='ltr'><strong>00000οἰ00</strong></span> <span class='ocrx_word' id='word_1_464' title='bbox 419 4681 453 4732; x_wconf 87' lang='grc'><strong>00</strong></span> <span class='ocrx_word' id='word_1_465' title='bbox 471 4679 644 4736; x_wconf 81' lang='lat' dir='ltr'><strong>infirmitatem</strong></span> <span class='ocrx_word' id='word_1_466' title='bbox 666 4685 779 4752; x_wconf 90' lang='lat' dir='ltr'><strong>corporis</strong></span> <span class='ocrx_word' id='word_1_467' title='bbox 795 4699 902 4752; x_wconf 78' lang='lat' dir='ltr'><strong>regnum</strong></span> <span class='ocrx_word' id='word_1_468' title='bbox 918 4701 994 4738; x_wconf 90' lang='lat' dir='ltr'><strong>suum</strong></span> <span class='ocrx_word' id='word_1_469' title='bbox 1010 4685 1078 4738; x_wconf 91' lang='lat' dir='ltr'><strong>inter</strong></span> <span class='ocrx_word' id='word_1_470' title='bbox 1096 4691 1149 4738; x_wconf 87' lang='lat' dir='ltr'><strong>tres</strong></span> <span class='ocrx_word' id='word_1_471' title='bbox 1163 4685 1237 4746; x_wconf 65' lang='lat' dir='ltr'><strong>tilios,</strong></span> <span class='ocrx_word' id='word_1_472' title='bbox 1252 4699 1275 4736; x_wconf 81' lang='grc'><strong>0.</strong></span> <span class='ocrx_word' id='word_1_473' title='bbox 1292 4687 1344 4736; x_wconf 82' lang='grc'><strong>800</strong></span> <span class='ocrx_word' id='word_1_474' title='bbox 1362 4682 1505 4752; x_wconf 85' lang='lat' dir='ltr'><strong>divisisset,</strong></span> <span class='ocrx_word' id='word_1_475' title='bbox 1531 4687 1639 4741; x_wconf 84' lang='lat' dir='ltr'><strong>Carolus</strong></span> 
     </span>
     <span class='ocr_line' id='line_1_40' title="bbox 264 4795 1640 4868; baseline 0.001 -16"><span class='ocrx_word' id='word_1_476' title='bbox 264 4805 292 4852; x_wconf 90' lang='lat' dir='ltr'><strong>et</strong></span> <span class='ocrx_word' id='word_1_477' title='bbox 309 4795 459 4851; x_wconf 82' lang='lat' dir='ltr'><strong>Ludouicua</strong></span> <span class='ocrx_word' id='word_1_478' title='bbox 485 4797 728 4862; x_wconf 83' lang='lat' dir='ltr'><strong>reconciliabantur,</strong></span> <span class='ocrx_word' id='word_1_479' title='bbox 754 4796 824 4851; x_wconf 87' lang='lat' dir='ltr'><strong>baud</strong></span> <span class='ocrx_word' id='word_1_480' title='bbox 849 4798 926 4853; x_wconf 90' lang='lat' dir='ltr'><strong>dubie</strong></span> <span class='ocrx_word' id='word_1_481' title='bbox 951 4807 980 4854; x_wconf 91' lang='lat' dir='ltr'><strong>ut</strong></span> <span class='ocrx_word' id='word_1_482' title='bbox 1002 4799 1140 4868; x_wconf 87' lang='lat' dir='ltr'><strong>nepotibus</strong></span> <span class='ocrx_word' id='word_1_483' title='bbox 1166 4799 1221 4852; x_wconf 88' lang='lat' dir='ltr'><strong>suis</strong></span> <span class='ocrx_word' id='word_1_484' title='bbox 1242 4798 1360 4865; x_wconf 82' lang='lat' dir='ltr'><strong>injuriam</strong></span> <span class='ocrx_word' id='word_1_485' title='bbox 1383 4800 1536 4853; x_wconf 63' lang='lat' dir='ltr'><strong>iaierrentt.</strong></span> <span class='ocrx_word' id='word_1_486' title='bbox 1577 4801 1640 4867; x_wconf 88' lang='lat' dir='ltr'><strong>Sed,</strong></span> 
     </span>
     <span class='ocr_line' id='line_1_41' title="bbox 265 4909 1638 4982; baseline 0.004 -18"><span class='ocrx_word' id='word_1_487' title='bbox 265 4911 407 4980; x_wconf 87' lang='lat' dir='ltr'><strong>composita</strong></span> <span class='ocrx_word' id='word_1_488' title='bbox 424 4928 447 4964; x_wconf 84' lang='lat' dir='ltr'><strong>a</strong></span> <span class='ocrx_word' id='word_1_489' title='bbox 464 4913 517 4966; x_wconf 83' lang='grc'><strong>800</strong></span> <span class='ocrx_word' id='word_1_490' title='bbox 532 4909 691 4968; x_wconf 90' lang='lat' dir='ltr'><strong>dissensione</strong></span> <span class='ocrx_word' id='word_1_491' title='bbox 706 4913 816 4966; x_wconf 86' lang='lat' dir='ltr'><strong>tiliorum</strong></span> <span class='ocrx_word' id='word_1_492' title='bbox 833 4911 950 4968; x_wconf 87' lang='lat' dir='ltr'><strong>Lotharii</strong></span> <span class='ocrx_word' id='word_1_493' title='bbox 960 4915 1006 4981; x_wconf 81' lang='lat'><strong>¹⁰,</strong></span> <span class='ocrx_word' id='word_1_494' title='bbox 1021 4930 1100 4982; x_wconf 91' lang='lat' dir='ltr'><strong>quum</strong></span> <span class='ocrx_word' id='word_1_495' title='bbox 1118 4911 1283 4982; x_wconf 71' lang='lat' dir='ltr'><strong>ludorum,</strong></span> <span class='ocrx_word' id='word_1_496' title='bbox 1307 4929 1353 4967; x_wconf 86' lang='lat' dir='ltr'><strong>rex</strong></span> <span class='ocrx_word' id='word_1_497' title='bbox 1368 4915 1526 4981; x_wconf 73' lang='lat' dir='ltr'><strong>Germanias,</strong></span> <span class='ocrx_word' id='word_1_498' title='bbox 1545 4917 1638 4970; x_wconf 89' lang='lat' dir='ltr'><strong>iterum</strong></span> 
     </span>
     <span class='ocr_line' id='line_1_42' title="bbox 264 5020 1636 5098; baseline 0.004 -20"><span class='ocrx_word' id='word_1_499' title='bbox 264 5027 296 5078; x_wconf 86' lang='lat' dir='ltr'><strong>ab</strong></span> <span class='ocrx_word' id='word_1_500' title='bbox 313 5025 445 5094; x_wconf 77' lang='lat' dir='ltr'><strong>Aquitanis</strong></span> <span class='ocrx_word' id='word_1_501' title='bbox 459 5027 614 5094; x_wconf 82' lang='lat' dir='ltr'><strong>arcessitus,</strong></span> <span class='ocrx_word' id='word_1_502' title='bbox 637 5020 933 5080; x_wconf 75' lang='grc'><strong>001000800010000000</strong></span> <span class='ocrx_word' id='word_1_503' title='bbox 952 5035 1068 5096; x_wconf 86' lang='lat' dir='ltr'><strong>pararet,</strong></span> <span class='ocrx_word' id='word_1_504' title='bbox 1093 5024 1135 5080; x_wconf 83' lang='lat' dir='ltr'><strong>laic</strong></span> <span class='ocrx_word' id='word_1_505' title='bbox 1154 5043 1213 5081; x_wconf 90' lang='lat' dir='ltr'><strong>cnm</strong></span> <span class='ocrx_word' id='word_1_506' title='bbox 1230 5024 1369 5094; x_wconf 85' lang='lat' dir='ltr'><strong>Lotlrario,</strong></span> <span class='ocrx_word' id='word_1_507' title='bbox 1387 5037 1494 5098; x_wconf 89' lang='lat' dir='ltr'><strong>nepotc,</strong></span> <span class='ocrx_word' id='word_1_508' title='bbox 1519 5029 1561 5083; x_wconf 91' lang='lat' dir='ltr'><strong>ille</strong></span> <span class='ocrx_word' id='word_1_509' title='bbox 1578 5048 1636 5084; x_wconf 89' lang='lat' dir='ltr'><strong>cum</strong></span> 
     </span>
     <span class='ocr_line' id='line_1_43' title="bbox 265 5137 1636 5210; baseline 0.007 -20"><span class='ocrx_word' id='word_1_510' title='bbox 265 5138 413 5206; x_wconf 70' lang='lat' dir='ltr'><strong>lauderico,</strong></span> <span class='ocrx_word' id='word_1_511' title='bbox 430 5146 540 5208; x_wconf 88' lang='lat' dir='ltr'><strong>nepote,</strong></span> <span class='ocrx_word' id='word_1_512' title='bbox 554 5137 649 5194; x_wconf 83' lang='grc'><strong>000000</strong></span> <span class='ocrx_word' id='word_1_513' title='bbox 666 5157 690 5193; x_wconf 90' lang='grc'><strong>0.</strong></span> <span class='ocrx_word' id='word_1_514' title='bbox 705 5145 758 5194; x_wconf 79' lang='grc'><strong>800</strong></span> <span class='ocrx_word' id='word_1_515' title='bbox 773 5141 835 5194; x_wconf 86' lang='lat' dir='ltr'><strong>iecit</strong></span> <span class='ocrx_word' id='word_1_516' title='bbox 854 5139 929 5208; x_wconf 87' lang='lat' dir='ltr'><strong>(ibid.</strong></span> <span class='ocrx_word' id='word_1_517' title='bbox 948 5159 973 5210; x_wconf 91' lang='lat' dir='ltr'><strong>p.</strong></span> <span class='ocrx_word' id='word_1_518' title='bbox 991 5141 1104 5209; x_wconf 73' lang='lat'><strong>2⁰9)¹¹.</strong></span> <span class='ocrx_word' id='word_1_519' title='bbox 1144 5143 1244 5197; x_wconf 78' lang='lat' dir='ltr'><strong>Quibus</strong></span> <span class='ocrx_word' id='word_1_520' title='bbox 1258 5143 1349 5207; x_wconf 83' lang='lat' dir='ltr'><strong>lactis,</strong></span> <span class='ocrx_word' id='word_1_521' title='bbox 1373 5143 1521 5198; x_wconf 62' lang='lat' dir='ltr'><strong>laudunicus</strong></span> <span class='ocrx_word' id='word_1_522' title='bbox 1543 5146 1636 5200; x_wconf 91' lang='lat' dir='ltr'><strong>bellum</strong></span> 
     </span>
     <span class='ocr_line' id='line_1_44' title="bbox 266 5251 1637 5330; baseline 0.012 -30"><span class='ocrx_word' id='word_1_523' title='bbox 266 5251 360 5305; x_wconf 83' lang='lat' dir='ltr'><strong>carolo</strong></span> <span class='ocrx_word' id='word_1_524' title='bbox 375 5251 477 5322; x_wconf 72' lang='lat' dir='ltr'><strong>intulit,</strong></span> <span class='ocrx_word' id='word_1_525' title='bbox 495 5253 521 5306; x_wconf 94' lang='lat' dir='ltr'><strong>in</strong></span> <span class='ocrx_word' id='word_1_526' title='bbox 537 5271 588 5322; x_wconf 87' lang='lat' dir='ltr'><strong>qro</strong></span> <span class='ocrx_word' id='word_1_527' title='bbox 605 5271 685 5324; x_wconf 85' lang='lat' dir='ltr'><strong>quum</strong></span> <span class='ocrx_word' id='word_1_528' title='bbox 700 5253 813 5311; x_wconf 85' lang='lat' dir='ltr'><strong>secunda</strong></span> <span class='ocrx_word' id='word_1_529' title='bbox 830 5255 932 5312; x_wconf 89' lang='lat' dir='ltr'><strong>lortuua</strong></span> <span class='ocrx_word' id='word_1_530' title='bbox 946 5261 1071 5322; x_wconf 88' lang='lat' dir='ltr'><strong>uteretur,</strong></span> <span class='ocrx_word' id='word_1_531' title='bbox 1087 5253 1226 5310; x_wconf 78' lang='lat' dir='ltr'><strong>barbarius</strong></span> <span class='ocrx_word' id='word_1_532' title='bbox 1236 5274 1281 5314; x_wconf 84' lang='lat' dir='ltr'><strong>rex</strong></span> <span class='ocrx_word' id='word_1_533' title='bbox 1290 5257 1323 5314; x_wconf 89' lang='grc'><strong>00</strong></span> <span class='ocrx_word' id='word_1_534' title='bbox 1333 5258 1390 5326; x_wconf 83' lang='lat' dir='ltr'><strong>ejus</strong></span> <span class='ocrx_word' id='word_1_535' title='bbox 1399 5267 1485 5330; x_wconf 88' lang='lat' dir='ltr'><strong>partes</strong></span> <span class='ocrx_word' id='word_1_536' title='bbox 1494 5261 1637 5316; x_wconf 85' lang='lat' dir='ltr'><strong>transiit¹¹.</strong></span> 
     </span>
     <span class='ocr_line' id='line_1_45' title="bbox 267 5363 785 5439; baseline 0.01 -21"><span class='ocrx_word' id='word_1_537' title='bbox 267 5363 384 5420; x_wconf 83' lang='lat' dir='ltr'><strong>Tandem</strong></span> <span class='ocrx_word' id='word_1_538' title='bbox 401 5381 461 5420; x_wconf 82' lang='lat' dir='ltr'><strong>uero</strong></span> <span class='ocrx_word' id='word_1_539' title='bbox 479 5384 504 5423; x_wconf 87' lang='grc'><strong>0.</strong></span> <span class='ocrx_word' id='word_1_540' title='bbox 522 5373 575 5423; x_wconf 95' lang='grc'><strong>800</strong></span> <span class='ocrx_word' id='word_1_541' title='bbox 589 5385 641 5439; x_wconf 85' lang='lat' dir='ltr'><strong>pax</strong></span> <span class='ocrx_word' id='word_1_542' title='bbox 654 5369 723 5424; x_wconf 83' lang='lat' dir='ltr'><strong>sacta</strong></span> <span class='ocrx_word' id='word_1_543' title='bbox 737 5379 785 5426; x_wconf 86' lang='grc'><strong>000.</strong></span> 
     </span>
    </p>
   </div>
   <div class='ocr_carea' id='block_1_4' title="bbox 1700 649 2461 734">
    <p class='ocr_par' dir='ltr' id='par_1_6' title="bbox 1700 649 2461 734">
     <span class='ocr_line' id='line_1_46' title="bbox 1700 649 2461 734; baseline 0.018 -22"><span class='ocrx_word' id='word_1_544' title='bbox 1700 650 1737 732; x_wconf 91' lang='lat' dir='ltr'><strong>b)</strong></span> <span class='ocrx_word' id='word_1_545' title='bbox 1760 651 1881 712; x_wconf 89' lang='lat' dir='ltr'><strong>ratione</strong></span> <span class='ocrx_word' id='word_1_546' title='bbox 1901 649 2088 712; x_wconf 91' lang='lat' dir='ltr'><strong>seditionum</strong></span> <span class='ocrx_word' id='word_1_547' title='bbox 2110 651 2143 714; x_wconf 91' lang='lat' dir='ltr'><strong>in</strong></span> <span class='ocrx_word' id='word_1_548' title='bbox 2162 670 2257 734; x_wconf 70' lang='lat' dir='ltr'><strong>regno</strong></span> <span class='ocrx_word' id='word_1_549' title='bbox 2279 653 2375 719; x_wconf 78' lang='lat' dir='ltr'><strong>caroli</strong></span> <span class='ocrx_word' id='word_1_550' title='bbox 2393 659 2461 726; x_wconf 79' lang='lat' dir='ltr'><strong>cun</strong></span> 
     </span>
    </p>
   </div>
   <div class='ocr_carea' id='block_1_5' title="bbox 1697 773 2468 5904">
    <p class='ocr_par' dir='ltr' id='par_1_7' title="bbox 1697 773 2468 5904">
     <span class='ocr_line' id='line_1_47' title="bbox 1750 773 2461 843; baseline 0.018 -13"><span class='ocrx_word' id='word_1_551' title='bbox 1750 779 1803 832; x_wconf 85' lang='lat' dir='ltr'><strong>Per</strong></span> <span class='ocrx_word' id='word_1_552' title='bbox 1822 793 1898 831; x_wconf 88' lang='lat' dir='ltr'><strong>omne</strong></span> <span class='ocrx_word' id='word_1_553' title='bbox 1921 773 1973 830; x_wconf 88' lang='lat' dir='ltr'><strong>boc</strong></span> <span class='ocrx_word' id='word_1_554' title='bbox 1993 792 2076 832; x_wconf 85' lang='lat' dir='ltr'><strong>rerum</strong></span> <span class='ocrx_word' id='word_1_555' title='bbox 2099 779 2196 832; x_wconf 78' lang='lat' dir='ltr'><strong>crebra</strong></span> <span class='ocrx_word' id='word_1_556' title='bbox 2214 779 2348 840; x_wconf 86' lang='lat' dir='ltr'><strong>seditiones</strong></span> <span class='ocrx_word' id='word_1_557' title='bbox 2360 785 2384 839; x_wconf 90' lang='lat' dir='ltr'><strong>in</strong></span> <span class='ocrx_word' id='word_1_558' title='bbox 2399 789 2461 843; x_wconf 82' lang='grc'><strong>0000</strong></span> 
     </span>
     <span class='ocr_line' id='line_1_48' title="bbox 1701 869 2461 941; baseline 0.014 -19"><span class='ocrx_word' id='word_1_559' title='bbox 1701 871 1752 924; x_wconf 94' lang='lat' dir='ltr'><strong>lum</strong></span> <span class='ocrx_word' id='word_1_560' title='bbox 1770 869 1801 923; x_wconf 82' lang='lat' dir='ltr'><strong>C.</strong></span> <span class='ocrx_word' id='word_1_561' title='bbox 1825 869 2024 922; x_wconf 83' lang='lat' dir='ltr'><strong>movebantur..</strong></span> <span class='ocrx_word' id='word_1_562' title='bbox 2053 869 2248 941; x_wconf 81' lang='lat' dir='ltr'><strong>Ncmenogirsa,</strong></span> <span class='ocrx_word' id='word_1_563' title='bbox 2275 873 2326 928; x_wconf 81' lang='lat' dir='ltr'><strong>dux</strong></span> <span class='ocrx_word' id='word_1_564' title='bbox 2345 875 2461 934; x_wconf 81' lang='lat' dir='ltr'><strong>Britannia</strong></span> 
     </span>
     <span class='ocr_line' id='line_1_49' title="bbox 1700 961 2460 1030; baseline 0.008 -14"><span class='ocrx_word' id='word_1_565' title='bbox 1700 963 1871 1030; x_wconf 74' lang='lat' dir='ltr'><strong>(bretagne),</strong></span> <span class='ocrx_word' id='word_1_566' title='bbox 1893 979 1916 1015; x_wconf 79' lang='lat' dir='ltr'><strong>a</strong></span> <span class='ocrx_word' id='word_1_567' title='bbox 1934 965 1986 1015; x_wconf 81' lang='grc'><strong>848</strong></span> <span class='ocrx_word' id='word_1_568' title='bbox 2009 963 2042 1015; x_wconf 86' lang='grc'><strong>00</strong></span> <span class='ocrx_word' id='word_1_569' title='bbox 2062 977 2094 1015; x_wconf 87' lang='grc'><strong>00</strong></span> <span class='ocrx_word' id='word_1_570' title='bbox 2113 961 2250 1030; x_wconf 86' lang='lat' dir='ltr'><strong>delicians,</strong></span> <span class='ocrx_word' id='word_1_571' title='bbox 2275 979 2371 1022; x_wconf 85' lang='lat' dir='ltr'><strong>onnam</strong></span> <span class='ocrx_word' id='word_1_572' title='bbox 2387 975 2460 1024; x_wconf 83' lang='grc'><strong>0000000</strong></span> 
     </span>
     <span class='ocr_line' id='line_1_50' title="bbox 1700 1052 2463 1126; baseline 0.014 -21"><span class='ocrx_word' id='word_1_573' title='bbox 1700 1055 1808 1108; x_wconf 84' lang='lat' dir='ltr'><strong>ricinum</strong></span> <span class='ocrx_word' id='word_1_574' title='bbox 1824 1052 2002 1108; x_wconf 85' lang='lat' dir='ltr'><strong>crudelissime</strong></span> <span class='ocrx_word' id='word_1_575' title='bbox 2018 1055 2149 1122; x_wconf 82' lang='lat' dir='ltr'><strong>vastabat,</strong></span> <span class='ocrx_word' id='word_1_576' title='bbox 2175 1069 2256 1124; x_wconf 86' lang='lat' dir='ltr'><strong>nsqre</strong></span> <span class='ocrx_word' id='word_1_577' title='bbox 2278 1059 2329 1112; x_wconf 92' lang='lat' dir='ltr'><strong>ullo</strong></span> <span class='ocrx_word' id='word_1_578' title='bbox 2346 1067 2414 1126; x_wconf 89' lang='lat' dir='ltr'><strong>pacto</strong></span> <span class='ocrx_word' id='word_1_579' title='bbox 2431 1065 2463 1116; x_wconf 82' lang='grc'><strong>00-</strong></span> 
     </span>
     <span class='ocr_line' id='line_1_51' title="bbox 1700 1143 2463 1220; baseline 0.01 -22"><span class='ocrx_word' id='word_1_580' title='bbox 1700 1143 1760 1199; x_wconf 89' lang='lat' dir='ltr'><strong>duci</strong></span> <span class='ocrx_word' id='word_1_581' title='bbox 1780 1152 1897 1214; x_wconf 85' lang='lat' dir='ltr'><strong>poterat,</strong></span> <span class='ocrx_word' id='word_1_582' title='bbox 1927 1155 1956 1200; x_wconf 89' lang='lat' dir='ltr'><strong>nt</strong></span> <span class='ocrx_word' id='word_1_583' title='bbox 1972 1147 2067 1200; x_wconf 84' lang='lat' dir='ltr'><strong>Carolo</strong></span> <span class='ocrx_word' id='word_1_584' title='bbox 2087 1161 2116 1200; x_wconf 85' lang='grc'><strong>00</strong></span> <span class='ocrx_word' id='word_1_585' title='bbox 2139 1147 2315 1216; x_wconf 87' lang='lat' dir='ltr'><strong>submitteret,</strong></span> <span class='ocrx_word' id='word_1_586' title='bbox 2340 1149 2382 1204; x_wconf 91' lang='lat' dir='ltr'><strong>sed</strong></span> <span class='ocrx_word' id='word_1_587' title='bbox 2404 1169 2463 1220; x_wconf 84' lang='lat' dir='ltr'><strong>usqu</strong></span> 
     </span>
     <span class='ocr_line' id='line_1_52' title="bbox 1700 1235 2464 1309; baseline 0.007 -18"><span class='ocrx_word' id='word_1_588' title='bbox 1700 1237 1733 1291; x_wconf 89' lang='lat' dir='ltr'><strong>ad</strong></span> <span class='ocrx_word' id='word_1_589' title='bbox 1749 1244 1857 1290; x_wconf 84' lang='lat' dir='ltr'><strong>mortem</strong></span> <span class='ocrx_word' id='word_1_590' title='bbox 1871 1237 1909 1303; x_wconf 88' lang='lat' dir='ltr'><strong>(a.</strong></span> <span class='ocrx_word' id='word_1_591' title='bbox 1925 1241 1990 1306; x_wconf 81' lang='grc'><strong>801)</strong></span> <span class='ocrx_word' id='word_1_592' title='bbox 2007 1238 2104 1306; x_wconf 88' lang='lat' dir='ltr'><strong>rapinis</strong></span> <span class='ocrx_word' id='word_1_593' title='bbox 2119 1243 2147 1290; x_wconf 95' lang='lat' dir='ltr'><strong>et</strong></span> <span class='ocrx_word' id='word_1_594' title='bbox 2162 1235 2288 1292; x_wconf 78' lang='lat' dir='ltr'><strong>incendiis</strong></span> <span class='ocrx_word' id='word_1_595' title='bbox 2303 1255 2401 1306; x_wconf 74' lang='lat' dir='ltr'><strong>mgnum</strong></span> <span class='ocrx_word' id='word_1_596' title='bbox 2415 1244 2464 1309; x_wconf 80' lang='lat' dir='ltr'><strong>eius,</strong></span> 
     </span>
     <span class='ocr_line' id='line_1_53' title="bbox 1701 1327 2462 1397; baseline 0.007 -14"><span class='ocrx_word' id='word_1_597' title='bbox 1701 1333 1815 1384; x_wconf 84' lang='lat' dir='ltr'><strong>maxime</strong></span> <span class='ocrx_word' id='word_1_598' title='bbox 1831 1345 1856 1381; x_wconf 81' lang='grc'><strong>0.</strong></span> <span class='ocrx_word' id='word_1_599' title='bbox 1870 1331 1971 1396; x_wconf 69' lang='grc'><strong>84000,</strong></span> <span class='ocrx_word' id='word_1_600' title='bbox 1989 1327 2196 1397; x_wconf 85' lang='lat' dir='ltr'><strong>depopulabatur</strong></span> <span class='ocrx_word' id='word_1_601' title='bbox 2213 1331 2306 1396; x_wconf 84' lang='lat' dir='ltr'><strong>(annal</strong></span> <span class='ocrx_word' id='word_1_602' title='bbox 2324 1331 2412 1387; x_wconf 81' lang='grc'><strong>00000.</strong></span> <span class='ocrx_word' id='word_1_603' title='bbox 2426 1337 2462 1388; x_wconf 86' lang='lat' dir='ltr'><strong>lc.</strong></span> 
     </span>
     <span class='ocr_line' id='line_1_54' title="bbox 1702 1419 2465 1497; baseline 0.005 -23"><span class='ocrx_word' id='word_1_604' title='bbox 1702 1439 1726 1492; x_wconf 94' lang='lat' dir='ltr'><strong>p.</strong></span> <span class='ocrx_word' id='word_1_605' title='bbox 1748 1426 1815 1488; x_wconf 79' lang='lat'><strong>200,</strong></span> <span class='ocrx_word' id='word_1_606' title='bbox 1837 1425 1904 1488; x_wconf 80' lang='grc'><strong>201,</strong></span> <span class='ocrx_word' id='word_1_607' title='bbox 1927 1420 1998 1487; x_wconf 75' lang='grc'><strong>804).</strong></span> <span class='ocrx_word' id='word_1_608' title='bbox 2042 1419 2078 1472; x_wconf 83' lang='lat' dir='ltr'><strong>Et</strong></span> <span class='ocrx_word' id='word_1_609' title='bbox 2099 1429 2190 1488; x_wconf 87' lang='lat' dir='ltr'><strong>postea</strong></span> <span class='ocrx_word' id='word_1_610' title='bbox 2207 1421 2314 1474; x_wconf 86' lang='lat' dir='ltr'><strong>Carolus</strong></span> <span class='ocrx_word' id='word_1_611' title='bbox 2335 1423 2465 1497; x_wconf 71' lang='lat' dir='ltr'><strong>llcriapogis</strong></span> 
     </span>
     <span class='ocr_line' id='line_1_55' title="bbox 1700 1511 2464 1580; baseline 0.007 -15"><span class='ocrx_word' id='word_1_612' title='bbox 1700 1513 1754 1565; x_wconf 89' lang='lat' dir='ltr'><strong>lilio</strong></span> <span class='ocrx_word' id='word_1_613' title='bbox 1778 1513 1862 1578; x_wconf 86' lang='lat' dir='ltr'><strong>illius,</strong></span> <span class='ocrx_word' id='word_1_614' title='bbox 1887 1511 2047 1564; x_wconf 88' lang='lat' dir='ltr'><strong>Britanniam</strong></span> <span class='ocrx_word' id='word_1_615' title='bbox 2069 1527 2127 1564; x_wconf 88' lang='lat' dir='ltr'><strong>cum</strong></span> <span class='ocrx_word' id='word_1_616' title='bbox 2153 1513 2231 1565; x_wconf 89' lang='lat' dir='ltr'><strong>titulo</strong></span> <span class='ocrx_word' id='word_1_617' title='bbox 2256 1514 2323 1580; x_wconf 82' lang='lat' dir='ltr'><strong>regis</strong></span> <span class='ocrx_word' id='word_1_618' title='bbox 2340 1517 2464 1570; x_wconf 82' lang='grc'><strong>0000000000</strong></span> 
     </span>
     <span class='ocr_line' id='line_1_56' title="bbox 1701 1603 2464 1673; baseline 0.003 -15"><span class='ocrx_word' id='word_1_619' title='bbox 1701 1611 1808 1658; x_wconf 89' lang='lat' dir='ltr'><strong>coactns</strong></span> <span class='ocrx_word' id='word_1_620' title='bbox 1824 1603 1982 1668; x_wconf 86' lang='lat' dir='ltr'><strong>tradidit¹⁴,</strong></span> <span class='ocrx_word' id='word_1_621' title='bbox 1999 1603 2042 1655; x_wconf 90' lang='lat' dir='ltr'><strong>cni</strong></span> <span class='ocrx_word' id='word_1_622' title='bbox 2062 1619 2086 1656; x_wconf 88' lang='lat' dir='ltr'><strong>a.</strong></span> <span class='ocrx_word' id='word_1_623' title='bbox 2104 1607 2156 1662; x_wconf 77' lang='grc'><strong>801</strong></span> <span class='ocrx_word' id='word_1_624' title='bbox 2173 1604 2297 1658; x_wconf 89' lang='lat' dir='ltr'><strong>Salomon</strong></span> <span class='ocrx_word' id='word_1_625' title='bbox 2317 1604 2408 1673; x_wconf 83' lang='lat' dir='ltr'><strong>quidam</strong></span> <span class='ocrx_word' id='word_1_626' title='bbox 2422 1625 2464 1660; x_wconf 87' lang='lat' dir='ltr'><strong>suc·</strong></span> 
     </span>
     <span class='ocr_line' id='line_1_57' title="bbox 1700 1695 2459 1763; baseline 0.004 -16"><span class='ocrx_word' id='word_1_627' title='bbox 1700 1697 1820 1748; x_wconf 76' lang='lat' dir='ltr'><strong>cessit¹⁵.</strong></span> <span class='ocrx_word' id='word_1_628' title='bbox 1841 1696 2006 1749; x_wconf 76' lang='grc'><strong>0000000000</strong></span> <span class='ocrx_word' id='word_1_629' title='bbox 2023 1703 2050 1749; x_wconf 84' lang='grc'><strong>00</strong></span> <span class='ocrx_word' id='word_1_630' title='bbox 2068 1695 2236 1748; x_wconf 70' lang='lat' dir='ltr'><strong>(immoriar</strong></span> <span class='ocrx_word' id='word_1_631' title='bbox 2255 1696 2354 1763; x_wconf 82' lang='lat' dir='ltr'><strong>iratres,</strong></span> <span class='ocrx_word' id='word_1_632' title='bbox 2370 1698 2406 1763; x_wconf 89' lang='lat' dir='ltr'><strong>qri</strong></span> <span class='ocrx_word' id='word_1_633' title='bbox 2420 1699 2459 1750; x_wconf 81' lang='lat' dir='ltr'><strong>liri·</strong></span> 
     </span>
     <span class='ocr_line' id='line_1_58' title="bbox 1700 1787 2461 1856; baseline 0.008 -18"><span class='ocrx_word' id='word_1_634' title='bbox 1700 1793 1790 1838; x_wconf 91' lang='lat' dir='ltr'><strong>tonum</strong></span> <span class='ocrx_word' id='word_1_635' title='bbox 1807 1787 1903 1840; x_wconf 77' lang='lat' dir='ltr'><strong>auxilio</strong></span> <span class='ocrx_word' id='word_1_636' title='bbox 1923 1789 2078 1855; x_wconf 76' lang='lat' dir='ltr'><strong>utebantur,</strong></span> <span class='ocrx_word' id='word_1_637' title='bbox 2098 1788 2225 1856; x_wconf 87' lang='lat' dir='ltr'><strong>populum</strong></span> <span class='ocrx_word' id='word_1_638' title='bbox 2244 1787 2330 1840; x_wconf 87' lang='lat' dir='ltr'><strong>Caroli</strong></span> <span class='ocrx_word' id='word_1_639' title='bbox 2351 1790 2381 1840; x_wconf 92' lang='lat' dir='ltr'><strong>ab</strong></span> <span class='ocrx_word' id='word_1_640' title='bbox 2395 1807 2414 1842; x_wconf 79' lang='lat' dir='ltr'><strong>a.</strong></span> <span class='ocrx_word' id='word_1_641' title='bbox 2425 1793 2461 1844; x_wconf 87' lang='grc'><strong>840</strong></span> 
     </span>
     <span class='ocr_line' id='line_1_59' title="bbox 1700 1875 2463 1948; baseline 0.004 -18"><span class='ocrx_word' id='word_1_642' title='bbox 1700 1875 1877 1948; x_wconf 60' lang='grc' dir='ltr'><strong>0000οσ000ἰο00</strong></span> <span class='ocrx_word' id='word_1_643' title='bbox 1895 1880 2055 1947; x_wconf 75' lang='lat' dir='ltr'><strong>affligebant.</strong></span> <span class='ocrx_word' id='word_1_644' title='bbox 2096 1879 2199 1932; x_wconf 85' lang='lat' dir='ltr'><strong>Horum</strong></span> <span class='ocrx_word' id='word_1_645' title='bbox 2220 1886 2307 1932; x_wconf 87' lang='lat' dir='ltr'><strong>tamen</strong></span> <span class='ocrx_word' id='word_1_646' title='bbox 2325 1879 2398 1932; x_wconf 82' lang='lat' dir='ltr'><strong>‘&#39;alter</strong></span> <span class='ocrx_word' id='word_1_647' title='bbox 2415 1879 2463 1944; x_wconf 70' lang='lat' dir='ltr'><strong>dolo,</strong></span> 
     </span>
     <span class='ocr_line' id='line_1_60' title="bbox 1699 1969 2462 2039; baseline 0 -17"><span class='ocrx_word' id='word_1_648' title='bbox 1699 1971 1765 2022; x_wconf 90' lang='lat' dir='ltr'><strong>alter</strong></span> <span class='ocrx_word' id='word_1_649' title='bbox 1781 1969 1882 2036; x_wconf 87' lang='lat' dir='ltr'><strong>judicio</strong></span> <span class='ocrx_word' id='word_1_650' title='bbox 1900 1971 1936 2034; x_wconf 89' lang='lat' dir='ltr'><strong>(a.</strong></span> <span class='ocrx_word' id='word_1_651' title='bbox 1956 1971 2021 2036; x_wconf 80' lang='grc'><strong>808)</strong></span> <span class='ocrx_word' id='word_1_652' title='bbox 2037 1969 2190 2024; x_wconf 87' lang='lat' dir='ltr'><strong>interiectus</strong></span> <span class='ocrx_word' id='word_1_653' title='bbox 2206 1977 2267 2024; x_wconf 78' lang='lat' dir='ltr'><strong>esc·</strong></span> <span class='ocrx_word' id='word_1_654' title='bbox 2287 1969 2359 2038; x_wconf 81' lang='grc'><strong>(0000</strong></span> <span class='ocrx_word' id='word_1_655' title='bbox 2375 1989 2397 2039; x_wconf 93' lang='lat' dir='ltr'><strong>p.</strong></span> <span class='ocrx_word' id='word_1_656' title='bbox 2411 1973 2462 2038; x_wconf 79' lang='grc'><strong>000).</strong></span> 
     </span>
     <span class='ocr_line' id='line_1_61' title="bbox 1702 2061 2463 2132; baseline 0.001 -16"><span class='ocrx_word' id='word_1_657' title='bbox 1702 2063 1869 2126; x_wconf 77' lang='grc'><strong>0400000000,</strong></span> <span class='ocrx_word' id='word_1_658' title='bbox 1894 2077 1981 2115; x_wconf 88' lang='lat' dir='ltr'><strong>comes</strong></span> <span class='ocrx_word' id='word_1_659' title='bbox 2003 2078 2096 2116; x_wconf 82' lang='lat' dir='ltr'><strong>marcas</strong></span> <span class='ocrx_word' id='word_1_660' title='bbox 2114 2061 2280 2132; x_wconf 67' lang='lat' dir='ltr'><strong>Hispaniae,</strong></span> <span class='ocrx_word' id='word_1_661' title='bbox 2307 2080 2329 2116; x_wconf 88' lang='lat' dir='ltr'><strong>a.</strong></span> <span class='ocrx_word' id='word_1_662' title='bbox 2347 2067 2392 2117; x_wconf 90' lang='grc'><strong>844</strong></span> <span class='ocrx_word' id='word_1_663' title='bbox 2407 2081 2463 2117; x_wconf 86' lang='lat' dir='ltr'><strong>nuru</strong></span> 
     </span>
     <span class='ocr_line' id='line_1_62' title="bbox 1701 2153 2464 2224; baseline 0.003 -16"><span class='ocrx_word' id='word_1_664' title='bbox 1701 2172 1742 2210; x_wconf 90' lang='lat' dir='ltr'><strong>res</strong></span> <span class='ocrx_word' id='word_1_665' title='bbox 1762 2153 1932 2220; x_wconf 88' lang='lat' dir='ltr'><strong>moliebatur,</strong></span> <span class='ocrx_word' id='word_1_666' title='bbox 1956 2153 2003 2208; x_wconf 89' lang='lat' dir='ltr'><strong>sed</strong></span> <span class='ocrx_word' id='word_1_667' title='bbox 2020 2155 2116 2220; x_wconf 82' lang='lat' dir='ltr'><strong>”jussu</strong></span> <span class='ocrx_word' id='word_1_668' title='bbox 2135 2155 2223 2208; x_wconf 84' lang='lat' dir='ltr'><strong>Caroli</strong></span> <span class='ocrx_word' id='word_1_669' title='bbox 2243 2157 2373 2224; x_wconf 86' lang='lat' dir='ltr'><strong>capitalem</strong></span> <span class='ocrx_word' id='word_1_670' title='bbox 2390 2165 2464 2212; x_wconf 77' lang='grc'><strong>000000</strong></span> 
     </span>
     <span class='ocr_line' id='line_1_63' title="bbox 1701 2245 2463 2316; baseline 0.003 -16"><span class='ocrx_word' id='word_1_671' title='bbox 1701 2248 1764 2300; x_wconf 86' lang='lat' dir='ltr'><strong>tiam</strong></span> <span class='ocrx_word' id='word_1_672' title='bbox 1782 2245 1875 2300; x_wconf 84' lang='lat' dir='ltr'><strong>eodem</strong></span> <span class='ocrx_word' id='word_1_673' title='bbox 1892 2261 1960 2298; x_wconf 88' lang='grc'><strong>00000</strong></span> <span class='ocrx_word' id='word_1_674' title='bbox 1975 2247 2072 2300; x_wconf 73' lang='lat' dir='ltr'><strong>nabitu·</strong></span> <span class='ocrx_word' id='word_1_675' title='bbox 2091 2245 2167 2316; x_wconf 88' lang='lat' dir='ltr'><strong>(ibid.</strong></span> <span class='ocrx_word' id='word_1_676' title='bbox 2185 2265 2212 2315; x_wconf 91' lang='lat' dir='ltr'><strong>p.</strong></span> <span class='ocrx_word' id='word_1_677' title='bbox 2222 2251 2298 2314; x_wconf 82' lang='grc'><strong>800).</strong></span> <span class='ocrx_word' id='word_1_678' title='bbox 2330 2249 2463 2310; x_wconf 76' lang='grc'><strong>0000000000,</strong></span> 
     </span>
     <span class='ocr_line' id='line_1_64' title="bbox 1701 2335 2462 2414; baseline 0.003 -24"><span class='ocrx_word' id='word_1_679' title='bbox 1701 2339 1769 2391; x_wconf 87' lang='grc'><strong>00000</strong></span> <span class='ocrx_word' id='word_1_680' title='bbox 1784 2335 1926 2404; x_wconf 82' lang='grc'><strong>80000000,</strong></span> <span class='ocrx_word' id='word_1_681' title='bbox 1941 2355 1964 2391; x_wconf 93' lang='lat' dir='ltr'><strong>a.</strong></span> <span class='ocrx_word' id='word_1_682' title='bbox 1976 2341 2029 2390; x_wconf 91' lang='grc'><strong>848</strong></span> <span class='ocrx_word' id='word_1_683' title='bbox 2043 2337 2217 2414; x_wconf 78' lang='grc'><strong>8000000000</strong></span> <span class='ocrx_word' id='word_1_684' title='bbox 2235 2339 2314 2394; x_wconf 85' lang='lat' dir='ltr'><strong>”dolo</strong></span> <span class='ocrx_word' id='word_1_685' title='bbox 2327 2342 2399 2408; x_wconf 78' lang='lat' dir='ltr'><strong>anapia</strong></span> <span class='ocrx_word' id='word_1_686' title='bbox 2411 2355 2462 2408; x_wconf 89' lang='lat' dir='ltr'><strong>qnn</strong></span> 
     </span>
     <span class='ocr_line' id='line_1_65' title="bbox 1701 2428 2462 2500; baseline 0 -18"><span class='ocrx_word' id='word_1_687' title='bbox 1701 2430 1725 2482; x_wconf 87' lang='lat' dir='ltr'><strong>ri</strong></span> <span class='ocrx_word' id='word_1_688' title='bbox 1746 2431 1831 2500; x_wconf 84' lang='lat' dir='ltr'><strong>cepit”</strong></span> <span class='ocrx_word' id='word_1_689' title='bbox 1859 2428 1936 2494; x_wconf 84' lang='grc'><strong>(1.0.</strong></span> <span class='ocrx_word' id='word_1_690' title='bbox 1955 2433 2083 2498; x_wconf 66' lang='grc'><strong>00800),</strong></span> <span class='ocrx_word' id='word_1_691' title='bbox 2110 2439 2137 2484; x_wconf 86' lang='grc'><strong>00</strong></span> <span class='ocrx_word' id='word_1_692' title='bbox 2163 2450 2188 2486; x_wconf 89' lang='grc'><strong>0.</strong></span> <span class='ocrx_word' id='word_1_693' title='bbox 2207 2429 2261 2484; x_wconf 76' lang='grc'><strong>800</strong></span> <span class='ocrx_word' id='word_1_694' title='bbox 2288 2435 2332 2486; x_wconf 83' lang='lat' dir='ltr'><strong>”iu</strong></span> <span class='ocrx_word' id='word_1_695' title='bbox 2350 2431 2462 2486; x_wconf 82' lang='grc'><strong>00000000-</strong></span> 
     </span>
     <span class='ocr_line' id='line_1_66' title="bbox 1704 2520 2463 2591; baseline 0 -17"><span class='ocrx_word' id='word_1_696' title='bbox 1704 2522 1812 2590; x_wconf 85' lang='lat' dir='ltr'><strong>spuaica</strong></span> <span class='ocrx_word' id='word_1_697' title='bbox 1828 2520 2010 2576; x_wconf 81' lang='lat' dir='ltr'><strong>Aladrsmuum</strong></span> <span class='ocrx_word' id='word_1_698' title='bbox 2031 2529 2058 2576; x_wconf 91' lang='lat' dir='ltr'><strong>et</strong></span> <span class='ocrx_word' id='word_1_699' title='bbox 2075 2523 2273 2591; x_wconf 71' lang='lat' dir='ltr'><strong>isembardum,</strong></span> <span class='ocrx_word' id='word_1_700' title='bbox 2300 2526 2408 2590; x_wconf 87' lang='lat' dir='ltr'><strong>comites,</strong></span> <span class='ocrx_word' id='word_1_701' title='bbox 2420 2521 2463 2574; x_wconf 89' lang='lat' dir='ltr'><strong>dolo</strong></span> 
     </span>
     <span class='ocr_line' id='line_1_67' title="bbox 1702 2611 2460 2686; baseline 0.004 -21"><span class='ocrx_word' id='word_1_702' title='bbox 1702 2614 1798 2682; x_wconf 81' lang='lat' dir='ltr'><strong>cepit”,</strong></span> <span class='ocrx_word' id='word_1_703' title='bbox 1818 2611 1941 2681; x_wconf 89' lang='lat' dir='ltr'><strong>sedipae,</strong></span> <span class='ocrx_word' id='word_1_704' title='bbox 1957 2619 2049 2683; x_wconf 88' lang='lat' dir='ltr'><strong>captus</strong></span> <span class='ocrx_word' id='word_1_705' title='bbox 2058 2615 2265 2686; x_wconf 74' lang='lat' dir='ltr'><strong>interiectusque</strong></span> <span class='ocrx_word' id='word_1_706' title='bbox 2273 2622 2313 2670; x_wconf 89' lang='lat' dir='ltr'><strong>est</strong></span> <span class='ocrx_word' id='word_1_707' title='bbox 2321 2617 2347 2684; x_wconf 90' lang='lat' dir='ltr'><strong>(l.</strong></span> <span class='ocrx_word' id='word_1_708' title='bbox 2357 2613 2460 2683; x_wconf 52' lang='lat' dir='ltr'><strong>equor).</strong></span> 
     </span>
     <span class='ocr_line' id='line_1_68' title="bbox 1705 2703 2458 2776; baseline 0 -18"><span class='ocrx_word' id='word_1_709' title='bbox 1705 2703 1803 2758; x_wconf 80' lang='lat' dir='ltr'><strong>Tolosa</strong></span> <span class='ocrx_word' id='word_1_710' title='bbox 1825 2705 1888 2758; x_wconf 88' lang='lat' dir='ltr'><strong>urbs</strong></span> <span class='ocrx_word' id='word_1_711' title='bbox 1905 2721 1929 2759; x_wconf 91' lang='grc'><strong>0.</strong></span> <span class='ocrx_word' id='word_1_712' title='bbox 1944 2709 1996 2758; x_wconf 89' lang='grc'><strong>844</strong></span> <span class='ocrx_word' id='word_1_713' title='bbox 2014 2706 2155 2760; x_wconf 85' lang='lat' dir='ltr'><strong>rebellabat</strong></span> <span class='ocrx_word' id='word_1_714' title='bbox 2170 2707 2203 2774; x_wconf 92' lang='lat' dir='ltr'><strong>(l.</strong></span> <span class='ocrx_word' id='word_1_715' title='bbox 2221 2726 2245 2762; x_wconf 91' lang='lat' dir='ltr'><strong>c.</strong></span> <span class='ocrx_word' id='word_1_716' title='bbox 2269 2725 2294 2776; x_wconf 91' lang='lat' dir='ltr'><strong>p.</strong></span> <span class='ocrx_word' id='word_1_717' title='bbox 2309 2707 2373 2772; x_wconf 75' lang='lat'><strong>2⁰0)</strong></span> <span class='ocrx_word' id='word_1_718' title='bbox 2402 2705 2458 2774; x_wconf 69' lang='lat' dir='ltr'><strong>ripe</strong></span> 
     </span>
     <span class='ocr_line' id='line_1_69' title="bbox 1702 2797 2460 2868; baseline -0.005 -18"><span class='ocrx_word' id='word_1_719' title='bbox 1702 2797 1802 2864; x_wconf 67' lang='grc'><strong>000000,</strong></span> <span class='ocrx_word' id='word_1_720' title='bbox 1828 2797 1897 2850; x_wconf 81' lang='lat' dir='ltr'><strong>uuus</strong></span> <span class='ocrx_word' id='word_1_721' title='bbox 1913 2798 2014 2866; x_wconf 87' lang='lat' dir='ltr'><strong>Piplui,</strong></span> <span class='ocrx_word' id='word_1_722' title='bbox 2044 2801 2113 2868; x_wconf 78' lang='lat' dir='ltr'><strong>regis</strong></span> <span class='ocrx_word' id='word_1_723' title='bbox 2130 2799 2279 2867; x_wconf 72' lang='lat' dir='ltr'><strong>Aquitania</strong></span> <span class='ocrx_word' id='word_1_724' title='bbox 2297 2800 2336 2864; x_wconf 88' lang='lat'><strong>(†</strong></span> <span class='ocrx_word' id='word_1_725' title='bbox 2350 2797 2413 2864; x_wconf 83' lang='grc'><strong>800),</strong></span> <span class='ocrx_word' id='word_1_726' title='bbox 2430 2797 2460 2863; x_wconf 83' lang='lat' dir='ltr'><strong>qri</strong></span> 
     </span>
     <span class='ocr_line' id='line_1_70' title="bbox 1703 2886 2462 2960; baseline -0.003 -18"><span class='ocrx_word' id='word_1_727' title='bbox 1703 2889 1764 2942; x_wconf 88' lang='lat' dir='ltr'><strong>olim</strong></span> <span class='ocrx_word' id='word_1_728' title='bbox 1786 2903 1845 2940; x_wconf 88' lang='lat' dir='ltr'><strong>cum</strong></span> <span class='ocrx_word' id='word_1_729' title='bbox 1866 2886 1991 2942; x_wconf 76' lang='lat' dir='ltr'><strong>bethario</strong></span> <span class='ocrx_word' id='word_1_730' title='bbox 2005 2889 2118 2957; x_wconf 82' lang='lat' dir='ltr'><strong>iecemt,</strong></span> <span class='ocrx_word' id='word_1_731' title='bbox 2136 2892 2285 2960; x_wconf 75' lang='lat' dir='ltr'><strong>Aquitaniae</strong></span> <span class='ocrx_word' id='word_1_732' title='bbox 2300 2905 2396 2958; x_wconf 74' lang='lat' dir='ltr'><strong>mgnum</strong></span> <span class='ocrx_word' id='word_1_733' title='bbox 2409 2901 2462 2940; x_wconf 80' lang='lat' dir='ltr'><strong>occu·</strong></span> 
     </span>
     <span class='ocr_line' id='line_1_71' title="bbox 1703 2979 2461 3050; baseline 0.003 -16"><span class='ocrx_word' id='word_1_734' title='bbox 1703 2997 1764 3050; x_wconf 89' lang='lat' dir='ltr'><strong>para</strong></span> <span class='ocrx_word' id='word_1_735' title='bbox 1782 2979 1905 3034; x_wconf 87' lang='lat' dir='ltr'><strong>studebat</strong></span> <span class='ocrx_word' id='word_1_736' title='bbox 1916 2983 1957 3047; x_wconf 79' lang='lat'><strong>¹²,</strong></span> <span class='ocrx_word' id='word_1_737' title='bbox 1970 2988 1997 3034; x_wconf 90' lang='lat' dir='ltr'><strong>et</strong></span> <span class='ocrx_word' id='word_1_738' title='bbox 2015 2987 2149 3035; x_wconf 74' lang='lat' dir='ltr'><strong>sueonum</strong></span> <span class='ocrx_word' id='word_1_739' title='bbox 2167 2983 2321 3036; x_wconf 86' lang='lat' dir='ltr'><strong>studiorum</strong></span> <span class='ocrx_word' id='word_1_740' title='bbox 2335 2995 2422 3036; x_wconf 82' lang='grc'><strong>000000</strong></span> <span class='ocrx_word' id='word_1_741' title='bbox 2433 2993 2461 3046; x_wconf 82' lang='lat' dir='ltr'><strong>pa-</strong></span> 
     </span>
     <span class='ocr_line' id='line_1_72' title="bbox 1702 3071 2459 3142; baseline 0 -16"><span class='ocrx_word' id='word_1_742' title='bbox 1702 3081 1806 3126; x_wconf 81' lang='lat' dir='ltr'><strong>tronum</strong></span> <span class='ocrx_word' id='word_1_743' title='bbox 1827 3071 1948 3124; x_wconf 82' lang='lat' dir='ltr'><strong>carolum</strong></span> <span class='ocrx_word' id='word_1_744' title='bbox 1974 3073 2079 3128; x_wconf 85' lang='grc'><strong>00000000</strong></span> <span class='ocrx_word' id='word_1_745' title='bbox 2106 3073 2231 3128; x_wconf 86' lang='lat' dir='ltr'><strong>babebat.</strong></span> <span class='ocrx_word' id='word_1_746' title='bbox 2277 3076 2328 3129; x_wconf 79' lang='lat' dir='ltr'><strong>iiic</strong></span> <span class='ocrx_word' id='word_1_747' title='bbox 2351 3071 2459 3142; x_wconf 61' lang='lat' dir='ltr'><strong>quiden&amp;</strong></span> 
     </span>
     <span class='ocr_line' id='line_1_73' title="bbox 1701 3160 2456 3233; baseline -0.001 -15"><span class='ocrx_word' id='word_1_748' title='bbox 1701 3163 1754 3218; x_wconf 81' lang='grc'><strong>840</strong></span> <span class='ocrx_word' id='word_1_749' title='bbox 1773 3160 1990 3233; x_wconf 83' lang='lat' dir='ltr'><strong>comprehensas,</strong></span> <span class='ocrx_word' id='word_1_750' title='bbox 2004 3166 2030 3218; x_wconf 89' lang='grc'><strong>00</strong></span> <span class='ocrx_word' id='word_1_751' title='bbox 2047 3175 2177 3220; x_wconf 83' lang='grc'><strong>00000000</strong></span> <span class='ocrx_word' id='word_1_752' title='bbox 2195 3168 2350 3221; x_wconf 86' lang='lat' dir='ltr'><strong>carnutensi</strong></span> <span class='ocrx_word' id='word_1_753' title='bbox 2365 3175 2456 3218; x_wconf 81' lang='grc' dir='ltr'><strong>0000οι0</strong></span> 
     </span>
     <span class='ocr_line' id='line_1_74' title="bbox 1701 3253 2459 3330; baseline -0.005 -16"><span class='ocrx_word' id='word_1_754' title='bbox 1701 3261 1780 3315; x_wconf 86' lang='lat' dir='ltr'><strong>subiit</strong></span> <span class='ocrx_word' id='word_1_755' title='bbox 1798 3260 1832 3328; x_wconf 91' lang='lat' dir='ltr'><strong>(l.</strong></span> <span class='ocrx_word' id='word_1_756' title='bbox 1851 3277 1874 3311; x_wconf 90' lang='lat' dir='ltr'><strong>c.</strong></span> <span class='ocrx_word' id='word_1_757' title='bbox 1891 3275 1916 3326; x_wconf 91' lang='lat' dir='ltr'><strong>p.</strong></span> <span class='ocrx_word' id='word_1_758' title='bbox 1937 3259 2022 3326; x_wconf 77' lang='grc'><strong>804),</strong></span> <span class='ocrx_word' id='word_1_759' title='bbox 2046 3257 2089 3310; x_wconf 89' lang='lat' dir='ltr'><strong>ille</strong></span> <span class='ocrx_word' id='word_1_760' title='bbox 2106 3275 2177 3312; x_wconf 89' lang='lat' dir='ltr'><strong>anno</strong></span> <span class='ocrx_word' id='word_1_761' title='bbox 2194 3263 2250 3314; x_wconf 81' lang='grc'><strong>802</strong></span> <span class='ocrx_word' id='word_1_762' title='bbox 2266 3267 2370 3330; x_wconf 87' lang='lat' dir='ltr'><strong>captus,</strong></span> <span class='ocrx_word' id='word_1_763' title='bbox 2386 3253 2459 3310; x_wconf 73' lang='lat' dir='ltr'><strong>eurltu</strong></span> 
     </span>
     <span class='ocr_line' id='line_1_75' title="bbox 1697 3350 2459 3420; baseline -0.01 -14"><span class='ocrx_word' id='word_1_764' title='bbox 1697 3354 1774 3417; x_wconf 82' lang='lat' dir='ltr'><strong>J&#39;uaau</strong></span> <span class='ocrx_word' id='word_1_765' title='bbox 1795 3351 1881 3404; x_wconf 84' lang='lat' dir='ltr'><strong>Caroli</strong></span> <span class='ocrx_word' id='word_1_766' title='bbox 1908 3351 2027 3404; x_wconf 83' lang='lat' dir='ltr'><strong>auunculi</strong></span> <span class='ocrx_word' id='word_1_767' title='bbox 2052 3351 2108 3419; x_wconf 89' lang='lat' dir='ltr'><strong>ipse</strong></span> <span class='ocrx_word' id='word_1_768' title='bbox 2129 3354 2267 3420; x_wconf 87' lang='lat' dir='ltr'><strong>suscepit,</strong></span> <span class='ocrx_word' id='word_1_769' title='bbox 2291 3350 2336 3406; x_wconf 90' lang='lat' dir='ltr'><strong>sed</strong></span> <span class='ocrx_word' id='word_1_770' title='bbox 2351 3369 2372 3402; x_wconf 92' lang='lat' dir='ltr'><strong>a.</strong></span> <span class='ocrx_word' id='word_1_771' title='bbox 2389 3351 2428 3400; x_wconf 87' lang='grc'><strong>800</strong></span> <span class='ocrx_word' id='word_1_772' title='bbox 2439 3359 2459 3398; x_wconf 80' lang='lat' dir='ltr'><strong>u</strong></span> 
     </span>
     <span class='ocr_line' id='line_1_76' title="bbox 1701 3435 2454 3508; baseline -0.008 -12"><span class='ocrx_word' id='word_1_773' title='bbox 1701 3443 1900 3497; x_wconf 84' lang='lat' dir='ltr'><strong>monasterius.</strong></span> <span class='ocrx_word' id='word_1_774' title='bbox 1916 3439 2049 3508; x_wconf 80' lang='grc'><strong>00000000,</strong></span> <span class='ocrx_word' id='word_1_775' title='bbox 2077 3443 2102 3494; x_wconf 83' lang='grc'><strong>00</strong></span> <span class='ocrx_word' id='word_1_776' title='bbox 2120 3443 2192 3508; x_wconf 85' lang='lat' dir='ltr'><strong>quod</strong></span> <span class='ocrx_word' id='word_1_777' title='bbox 2213 3451 2244 3497; x_wconf 95' lang='lat' dir='ltr'><strong>ut</strong></span> <span class='ocrx_word' id='word_1_778' title='bbox 2260 3441 2420 3496; x_wconf 87' lang='lat' dir='ltr'><strong>custodiretur</strong></span> <span class='ocrx_word' id='word_1_779' title='bbox 2434 3435 2454 3486; x_wconf 77' lang='lat' dir='ltr'><strong>lt</strong></span> 
     </span>
     <span class='ocr_line' id='line_1_77' title="bbox 1701 3531 2460 3602; baseline -0.009 -12"><span class='ocrx_word' id='word_1_780' title='bbox 1701 3543 1789 3590; x_wconf 87' lang='lat' dir='ltr'><strong>trusus</strong></span> <span class='ocrx_word' id='word_1_781' title='bbox 1805 3539 1876 3600; x_wconf 86' lang='lat' dir='ltr'><strong>erat,</strong></span> <span class='ocrx_word' id='word_1_782' title='bbox 1895 3531 2007 3600; x_wconf 76' lang='lat' dir='ltr'><strong>aufugit,</strong></span> <span class='ocrx_word' id='word_1_783' title='bbox 2023 3532 2166 3602; x_wconf 80' lang='lat' dir='ltr'><strong>eodemque</strong></span> <span class='ocrx_word' id='word_1_784' title='bbox 2185 3551 2255 3588; x_wconf 89' lang='lat' dir='ltr'><strong>anno</strong></span> <span class='ocrx_word' id='word_1_785' title='bbox 2274 3533 2402 3602; x_wconf 70' lang='lat' dir='ltr'><strong>&#39;’Aquinni</strong></span> <span class='ocrx_word' id='word_1_786' title='bbox 2414 3543 2460 3598; x_wconf 78' lang='lat' dir='ltr'><strong>pru</strong></span> 
     </span>
     <span class='ocr_line' id='line_1_78' title="bbox 1700 3625 2460 3694; baseline 0 -16"><span class='ocrx_word' id='word_1_787' title='bbox 1700 3625 2460 3694; x_wconf 69' lang='lat' dir='ltr'><strong>omuesacarolcreceaaernnt,atqreaiLudosicumrctfl</strong></span> 
     </span>
     <span class='ocr_line' id='line_1_79' title="bbox 1700 3711 2458 3784; baseline -0.008 -14"><span class='ocrx_word' id='word_1_788' title='bbox 1700 3718 1859 3784; x_wconf 68' lang='lat' dir='ltr'><strong>Germania,</strong></span> <span class='ocrx_word' id='word_1_789' title='bbox 1875 3718 1974 3783; x_wconf 77' lang='lat' dir='ltr'><strong>legatos</strong></span> <span class='ocrx_word' id='word_1_790' title='bbox 1991 3734 2046 3770; x_wconf 85' lang='lat' dir='ltr'><strong>auae</strong></span> <span class='ocrx_word' id='word_1_791' title='bbox 2062 3717 2206 3771; x_wconf 89' lang='lat' dir='ltr'><strong>deditionis</strong></span> <span class='ocrx_word' id='word_1_792' title='bbox 2228 3737 2290 3773; x_wconf 90' lang='lat' dir='ltr'><strong>curn</strong></span> <span class='ocrx_word' id='word_1_793' title='bbox 2304 3711 2458 3770; x_wconf 83' lang='grc'><strong>0000000000·</strong></span> 
     </span>
     <span class='ocr_line' id='line_1_80' title="bbox 1700 3804 2460 3878; baseline -0.007 -14"><span class='ocrx_word' id='word_1_794' title='bbox 1700 3817 1806 3864; x_wconf 66' lang='grc'><strong>0000000</strong></span> <span class='ocrx_word' id='word_1_795' title='bbox 1826 3809 1856 3876; x_wconf 89' lang='lat' dir='ltr'><strong>(l.</strong></span> <span class='ocrx_word' id='word_1_796' title='bbox 1877 3826 1901 3861; x_wconf 92' lang='lat' dir='ltr'><strong>c.</strong></span> <span class='ocrx_word' id='word_1_797' title='bbox 1920 3825 1945 3876; x_wconf 91' lang='lat' dir='ltr'><strong>p.</strong></span> <span class='ocrx_word' id='word_1_798' title='bbox 1961 3808 2040 3878; x_wconf 75' lang='grc'><strong>807),</strong></span> <span class='ocrx_word' id='word_1_799' title='bbox 2058 3817 2084 3864; x_wconf 90' lang='grc'><strong>00</strong></span> <span class='ocrx_word' id='word_1_800' title='bbox 2101 3827 2125 3862; x_wconf 90' lang='grc'><strong>0.</strong></span> <span class='ocrx_word' id='word_1_801' title='bbox 2142 3815 2198 3864; x_wconf 84' lang='grc'><strong>804</strong></span> <span class='ocrx_word' id='word_1_802' title='bbox 2215 3811 2387 3874; x_wconf 82' lang='lat' dir='ltr'><strong>Luduricum,</strong></span> <span class='ocrx_word' id='word_1_803' title='bbox 2408 3804 2460 3859; x_wconf 85' lang='lat' dir='ltr'><strong>tbu</strong></span> 
     </span>
     <span class='ocr_line' id='line_1_81' title="bbox 1701 3897 2462 3974; baseline -0.005 -20"><span class='ocrx_word' id='word_1_804' title='bbox 1701 3901 1817 3970; x_wconf 82' lang='lat' dir='ltr'><strong>ejusdem</strong></span> <span class='ocrx_word' id='word_1_805' title='bbox 1837 3899 1980 3967; x_wconf 76' lang='lat' dir='ltr'><strong>Ludovtcr,</strong></span> <span class='ocrx_word' id='word_1_806' title='bbox 1999 3917 2087 3968; x_wconf 72' lang='lat' dir='ltr'><strong>regern</strong></span> <span class='ocrx_word' id='word_1_807' title='bbox 2105 3916 2285 3974; x_wconf 86' lang='lat' dir='ltr'><strong>susceperunt</strong></span> <span class='ocrx_word' id='word_1_808' title='bbox 2302 3903 2384 3971; x_wconf 86' lang='lat' dir='ltr'><strong>(ibid.)</strong></span> <span class='ocrx_word' id='word_1_809' title='bbox 2412 3897 2462 3950; x_wconf 73' lang='lat' dir='ltr'><strong>flue</strong></span> 
     </span>
     <span class='ocr_line' id='line_1_82' title="bbox 1701 3983 2460 4062; baseline -0.001 -16"><span class='ocrx_word' id='word_1_810' title='bbox 1701 3993 1802 4061; x_wconf 79' lang='lat' dir='ltr'><strong>quidem</strong></span> <span class='ocrx_word' id='word_1_811' title='bbox 1821 3990 1929 4044; x_wconf 83' lang='lat' dir='ltr'><strong>Carolus</strong></span> <span class='ocrx_word' id='word_1_812' title='bbox 1947 3993 2063 4058; x_wconf 69' lang='grc' dir='ltr'><strong>000000ος</strong></span> <span class='ocrx_word' id='word_1_813' title='bbox 2091 3992 2138 4047; x_wconf 88' lang='grc'><strong>000</strong></span> <span class='ocrx_word' id='word_1_814' title='bbox 2160 3999 2304 4049; x_wconf 76' lang='lat' dir='ltr'><strong>”maxims</strong></span> <span class='ocrx_word' id='word_1_815' title='bbox 2328 4009 2382 4062; x_wconf 89' lang='lat' dir='ltr'><strong>pars</strong></span> <span class='ocrx_word' id='word_1_816' title='bbox 2402 3983 2460 4058; x_wconf 69' lang='lat' dir='ltr'><strong>poptl</strong></span> 
     </span>
     <span class='ocr_line' id='line_1_83' title="bbox 1703 4081 2460 4153; baseline 0.007 -17"><span class='ocrx_word' id='word_1_817' title='bbox 1703 4083 1860 4151; x_wconf 72' lang='lat' dir='ltr'><strong>Aquitanirc”</strong></span> <span class='ocrx_word' id='word_1_818' title='bbox 1876 4081 2039 4152; x_wconf 86' lang='lat' dir='ltr'><strong>adPlpinnm</strong></span> <span class='ocrx_word' id='word_1_819' title='bbox 2059 4085 2147 4149; x_wconf 90' lang='lat' dir='ltr'><strong>illum,</strong></span> <span class='ocrx_word' id='word_1_820' title='bbox 2167 4105 2183 4140; x_wconf 95' lang='lat' dir='ltr'><strong>e</strong></span> <span class='ocrx_word' id='word_1_821' title='bbox 2202 4087 2460 4153; x_wconf 69' lang='lat' dir='ltr'><strong>monasteriensium</strong></span> 
     </span>
     <span class='ocr_line' id='line_1_84' title="bbox 1702 4173 2459 4250; baseline 0.007 -24"><span class='ocrx_word' id='word_1_822' title='bbox 1702 4173 1886 4236; x_wconf 79' lang='lat' dir='ltr'><strong>’&#39;conuolubat3</strong></span> <span class='ocrx_word' id='word_1_823' title='bbox 1902 4175 2010 4230; x_wconf 86' lang='lat' dir='ltr'><strong>Carolus</strong></span> <span class='ocrx_word' id='word_1_824' title='bbox 2029 4184 2131 4245; x_wconf 85' lang='lat' dir='ltr'><strong>autern,</strong></span> <span class='ocrx_word' id='word_1_825' title='bbox 2149 4180 2350 4250; x_wconf 81' lang='lat' dir='ltr'><strong>iraterl’ipini,</strong></span> <span class='ocrx_word' id='word_1_826' title='bbox 2366 4177 2408 4230; x_wconf 85' lang='lat' dir='ltr'><strong>boc</strong></span> <span class='ocrx_word' id='word_1_827' title='bbox 2419 4181 2459 4226; x_wconf 69' lang='lat' dir='ltr'><strong>lt*</strong></span> 
     </span>
     <span class='ocr_line' id='line_1_85' title="bbox 1702 4255 2458 4336; baseline 0.005 -18"><span class='ocrx_word' id='word_1_828' title='bbox 1702 4282 1765 4334; x_wconf 87' lang='lat' dir='ltr'><strong>pora</strong></span> <span class='ocrx_word' id='word_1_829' title='bbox 1782 4274 1814 4318; x_wconf 83' lang='lat' dir='ltr'><strong>”a</strong></span> <span class='ocrx_word' id='word_1_830' title='bbox 1824 4265 1973 4332; x_wconf 78' lang='lat' dir='ltr'><strong>corbejebsi</strong></span> <span class='ocrx_word' id='word_1_831' title='bbox 1991 4271 2146 4323; x_wconf 85' lang='lat' dir='ltr'><strong>monaateric</strong></span> <span class='ocrx_word' id='word_1_832' title='bbox 2165 4255 2298 4327; x_wconf 85' lang='lat' dir='ltr'><strong>recessit”</strong></span> <span class='ocrx_word' id='word_1_833' title='bbox 2314 4269 2393 4336; x_wconf 85' lang='lat' dir='ltr'><strong>(ibid)</strong></span> <span class='ocrx_word' id='word_1_834' title='bbox 2409 4272 2428 4318; x_wconf 81' lang='lat' dir='ltr'><strong>ti</strong></span> <span class='ocrx_word' id='word_1_835' title='bbox 2438 4259 2458 4312; x_wconf 69' lang='lat' dir='ltr'><strong>ll</strong></span> 
     </span>
     <span class='ocr_line' id='line_1_86' title="bbox 1701 4357 2459 4433; baseline 0.016 -24"><span class='ocrx_word' id='word_1_836' title='bbox 1701 4357 1864 4410; x_wconf 86' lang='lat' dir='ltr'><strong>Ludovicum</strong></span> <span class='ocrx_word' id='word_1_837' title='bbox 1874 4359 2055 4412; x_wconf 86' lang='lat' dir='ltr'><strong>Germanicum</strong></span> <span class='ocrx_word' id='word_1_838' title='bbox 2074 4363 2213 4432; x_wconf 77' lang='lat' dir='ltr'><strong>confugit,</strong></span> <span class='ocrx_word' id='word_1_839' title='bbox 2235 4381 2318 4433; x_wconf 82' lang='lat' dir='ltr'><strong>aquo</strong></span> <span class='ocrx_word' id='word_1_840' title='bbox 2333 4357 2459 4426; x_wconf 67' lang='grc' dir='ltr'><strong>000000οἱ80</strong></span> 
     </span>
     <span class='ocr_line' id='line_1_87' title="bbox 1701 4449 2460 4519; baseline 0.005 -18"><span class='ocrx_word' id='word_1_841' title='bbox 1701 4465 1750 4519; x_wconf 89' lang='lat' dir='ltr'><strong>pus</strong></span> <span class='ocrx_word' id='word_1_842' title='bbox 1766 4449 1937 4516; x_wconf 78' lang='lat' dir='ltr'><strong>idequntluus</strong></span> <span class='ocrx_word' id='word_1_843' title='bbox 1956 4468 1980 4502; x_wconf 92' lang='lat' dir='ltr'><strong>a.</strong></span> <span class='ocrx_word' id='word_1_844' title='bbox 1997 4454 2050 4505; x_wconf 86' lang='grc'><strong>808</strong></span> <span class='ocrx_word' id='word_1_845' title='bbox 2070 4453 2157 4507; x_wconf 89' lang='lat' dir='ltr'><strong>lactus</strong></span> <span class='ocrx_word' id='word_1_846' title='bbox 2176 4459 2267 4511; x_wconf 79' lang='lat' dir='ltr'><strong>est¹⁸.</strong></span> <span class='ocrx_word' id='word_1_847' title='bbox 2299 4457 2392 4509; x_wconf 85' lang='lat' dir='ltr'><strong>interea</strong></span> <span class='ocrx_word' id='word_1_848' title='bbox 2405 4459 2460 4504; x_wconf 79' lang='lat' dir='ltr'><strong>nna</strong></span> 
     </span>
     <span class='ocr_line' id='line_1_88' title="bbox 1701 4535 2459 4608; baseline 0.003 -14"><span class='ocrx_word' id='word_1_849' title='bbox 1701 4543 1835 4608; x_wconf 80' lang='lat' dir='ltr'><strong>Aquitani,</strong></span> <span class='ocrx_word' id='word_1_850' title='bbox 1860 4541 1886 4594; x_wconf 91' lang='lat' dir='ltr'><strong>ni</strong></span> <span class='ocrx_word' id='word_1_851' title='bbox 1914 4541 2000 4608; x_wconf 87' lang='lat' dir='ltr'><strong>iallor,</strong></span> <span class='ocrx_word' id='word_1_852' title='bbox 2025 4551 2096 4597; x_wconf 88' lang='lat' dir='ltr'><strong>metu</strong></span> <span class='ocrx_word' id='word_1_853' title='bbox 2125 4546 2342 4602; x_wconf 88' lang='lat' dir='ltr'><strong>Normanuomm</strong></span> <span class='ocrx_word' id='word_1_854' title='bbox 2365 4535 2459 4608; x_wconf 75' lang='grc' dir='ltr'><strong>000001Ιο</strong></span> 
     </span>
     <span class='ocr_line' id='line_1_89' title="bbox 1701 4634 2458 4707; baseline -0.003 -19"><span class='ocrx_word' id='word_1_855' title='bbox 1701 4634 1837 4701; x_wconf 88' lang='lat' dir='ltr'><strong>Carolnm,</strong></span> <span class='ocrx_word' id='word_1_856' title='bbox 1858 4634 1938 4687; x_wconf 87' lang='lat' dir='ltr'><strong>tilium</strong></span> <span class='ocrx_word' id='word_1_857' title='bbox 1957 4634 2042 4689; x_wconf 89' lang='lat' dir='ltr'><strong>Caroli</strong></span> <span class='ocrx_word' id='word_1_858' title='bbox 2064 4636 2192 4707; x_wconf 60' lang='grc'><strong>0010000,</strong></span> <span class='ocrx_word' id='word_1_859' title='bbox 2213 4655 2306 4707; x_wconf 70' lang='lat' dir='ltr'><strong>regem</strong></span> <span class='ocrx_word' id='word_1_860' title='bbox 2331 4639 2375 4693; x_wconf 90' lang='lat' dir='ltr'><strong>sibi</strong></span> <span class='ocrx_word' id='word_1_861' title='bbox 2391 4635 2458 4698; x_wconf 65' lang='lat' dir='ltr'><strong>expett</strong></span> 
     </span>
     <span class='ocr_line' id='line_1_90' title="bbox 1701 4725 2455 4794; baseline 0.005 -16"><span class='ocrx_word' id='word_1_862' title='bbox 1701 4728 1778 4792; x_wconf 92' lang='lat' dir='ltr'><strong>baut,</strong></span> <span class='ocrx_word' id='word_1_863' title='bbox 1794 4725 1954 4794; x_wconf 83' lang='lat' dir='ltr'><strong>eundemque</strong></span> <span class='ocrx_word' id='word_1_864' title='bbox 1970 4744 1992 4780; x_wconf 92' lang='lat' dir='ltr'><strong>a.</strong></span> <span class='ocrx_word' id='word_1_865' title='bbox 2011 4729 2064 4783; x_wconf 82' lang='grc'><strong>800</strong></span> <span class='ocrx_word' id='word_1_866' title='bbox 2082 4736 2192 4783; x_wconf 87' lang='lat' dir='ltr'><strong>nactum</strong></span> <span class='ocrx_word' id='word_1_867' title='bbox 2213 4732 2372 4785; x_wconf 86' lang='grc'><strong>0000000000</strong></span> <span class='ocrx_word' id='word_1_868' title='bbox 2385 4727 2407 4790; x_wconf 81' lang='lat' dir='ltr'><strong>(l-</strong></span> <span class='ocrx_word' id='word_1_869' title='bbox 2419 4733 2455 4782; x_wconf 61' lang='lat' dir='ltr'><strong>tl</strong></span> 
     </span>
     <span class='ocr_line' id='line_1_91' title="bbox 1701 4818 2452 4891; baseline 0 -19"><span class='ocrx_word' id='word_1_870' title='bbox 1701 4821 1779 4886; x_wconf 71' lang='lat'><strong>208),</strong></span> <span class='ocrx_word' id='word_1_871' title='bbox 1801 4818 1908 4872; x_wconf 81' lang='lat' dir='ltr'><strong>aeduin</strong></span> <span class='ocrx_word' id='word_1_872' title='bbox 1927 4835 2009 4872; x_wconf 89' lang='lat' dir='ltr'><strong>annua</strong></span> <span class='ocrx_word' id='word_1_873' title='bbox 2029 4821 2171 4890; x_wconf 75' lang='lat' dir='ltr'><strong>praeteriit,</strong></span> <span class='ocrx_word' id='word_1_874' title='bbox 2187 4840 2273 4891; x_wconf 90' lang='lat' dir='ltr'><strong>quum</strong></span> <span class='ocrx_word' id='word_1_875' title='bbox 2291 4833 2365 4878; x_wconf 84' lang='lat' dir='ltr'><strong>”eum</strong></span> <span class='ocrx_word' id='word_1_876' title='bbox 2381 4821 2452 4886; x_wconf 60' lang='lat' dir='ltr'><strong>spem·</strong></span> 
     </span>
     <span class='ocr_line' id='line_1_92' title="bbox 1697 4899 2452 4980; baseline 0 -14"><span class='ocrx_word' id='word_1_877' title='bbox 1697 4901 1776 4973; x_wconf 65' lang='lat' dir='ltr'><strong>‚tes&#39;’‚&#39;</strong></span> <span class='ocrx_word' id='word_1_878' title='bbox 1797 4909 1919 4978; x_wconf 91' lang='lat' dir='ltr'><strong>Pipinum</strong></span> <span class='ocrx_word' id='word_1_879' title='bbox 1942 4911 2014 4964; x_wconf 87' lang='lat' dir='ltr'><strong>illum</strong></span> <span class='ocrx_word' id='word_1_880' title='bbox 2037 4927 2125 4980; x_wconf 79' lang='lat' dir='ltr'><strong>repent</strong></span> <span class='ocrx_word' id='word_1_881' title='bbox 2146 4931 2231 4968; x_wconf 82' lang='lat' dir='ltr'><strong>surum</strong></span> <span class='ocrx_word' id='word_1_882' title='bbox 2250 4899 2452 4970; x_wconf 62' lang='grc'><strong>000000000080</strong></span> 
     </span>
     <span class='ocr_line' id='line_1_93' title="bbox 1701 4991 2455 5073; baseline 0.003 -17"><span class='ocrx_word' id='word_1_883' title='bbox 1701 5005 1756 5056; x_wconf 88' lang='lat' dir='ltr'><strong>mul</strong></span> <span class='ocrx_word' id='word_1_884' title='bbox 1771 5004 1897 5055; x_wconf 77' lang='lat' dir='ltr'><strong>”comites</strong></span> <span class='ocrx_word' id='word_1_885' title='bbox 1913 5015 1985 5070; x_wconf 77' lang='lat' dir='ltr'><strong>pane</strong></span> <span class='ocrx_word' id='word_1_886' title='bbox 1999 5019 2089 5058; x_wconf 90' lang='lat' dir='ltr'><strong>omnes</strong></span> <span class='ocrx_word' id='word_1_887' title='bbox 2104 5019 2136 5058; x_wconf 88' lang='lat' dir='ltr'><strong>ex</strong></span> <span class='ocrx_word' id='word_1_888' title='bbox 2153 5021 2242 5073; x_wconf 80' lang='lat' dir='ltr'><strong>regno</strong></span> <span class='ocrx_word' id='word_1_889' title='bbox 2256 5009 2342 5061; x_wconf 88' lang='lat' dir='ltr'><strong>Caroli</strong></span> <span class='ocrx_word' id='word_1_890' title='bbox 2355 5019 2403 5058; x_wconf 85' lang='lat' dir='ltr'><strong>can</strong></span> <span class='ocrx_word' id='word_1_891' title='bbox 2412 4991 2455 5058; x_wconf 66' lang='lat' dir='ltr'><strong>uqi·</strong></span> 
     </span>
     <span class='ocr_line' id='line_1_94' title="bbox 1702 5083 2456 5164; baseline -0.003 -16"><span class='ocrx_word' id='word_1_892' title='bbox 1702 5095 1769 5148; x_wconf 89' lang='lat' dir='ltr'><strong>tanis</strong></span> <span class='ocrx_word' id='word_1_893' title='bbox 1789 5093 1911 5147; x_wconf 83' lang='grc'><strong>00000000</strong></span> <span class='ocrx_word' id='word_1_894' title='bbox 1933 5111 1991 5148; x_wconf 88' lang='lat' dir='ltr'><strong>curn</strong></span> <span class='ocrx_word' id='word_1_895' title='bbox 2014 5095 2205 5164; x_wconf 83' lang='lat' dir='ltr'><strong>conjurabant,</strong></span> <span class='ocrx_word' id='word_1_896' title='bbox 2231 5099 2368 5152; x_wconf 82' lang='lat' dir='ltr'><strong>incitantes</strong></span> <span class='ocrx_word' id='word_1_897' title='bbox 2385 5083 2456 5146; x_wconf 67' lang='lat' dir='ltr'><strong>Ludat</strong></span> 
     </span>
     <span class='ocr_line' id='line_1_95' title="bbox 1702 5175 2458 5274; baseline -0.001 -34"><span class='ocrx_word' id='word_1_898' title='bbox 1702 5203 1777 5253; x_wconf 90' lang='lat' dir='ltr'><strong>cum,</strong></span> <span class='ocrx_word' id='word_1_899' title='bbox 1794 5200 1882 5253; x_wconf 75' lang='lat' dir='ltr'><strong>regem</strong></span> <span class='ocrx_word' id='word_1_900' title='bbox 1899 5187 2102 5254; x_wconf 78' lang='lat' dir='ltr'><strong>Germanorum,</strong></span> <span class='ocrx_word' id='word_1_901' title='bbox 2119 5189 2156 5242; x_wconf 92' lang='lat' dir='ltr'><strong>ad</strong></span> <span class='ocrx_word' id='word_1_902' title='bbox 2174 5205 2258 5246; x_wconf 87' lang='grc'><strong>000000</strong></span> <span class='ocrx_word' id='word_1_903' title='bbox 2275 5193 2398 5246; x_wconf 77' lang='lat' dir='ltr'><strong>constitua</strong></span> <span class='ocrx_word' id='word_1_904' title='bbox 2412 5175 2458 5274; x_wconf 66' lang='lat' dir='ltr'><strong>pfll</strong></span> 
     </span>
     <span class='ocr_line' id='line_1_96' title="bbox 1702 5276 2468 5348; baseline 0 -17"><span class='ocrx_word' id='word_1_905' title='bbox 1702 5276 1840 5331; x_wconf 82' lang='lat' dir='ltr'><strong>ciendum”</strong></span> <span class='ocrx_word' id='word_1_906' title='bbox 1857 5277 1994 5344; x_wconf 73' lang='lat' dir='ltr'><strong>(ibid-&gt;¹0.</strong></span> <span class='ocrx_word' id='word_1_907' title='bbox 2029 5278 2106 5334; x_wconf 81' lang='lat' dir='ltr'><strong>Quod</strong></span> <span class='ocrx_word' id='word_1_908' title='bbox 2122 5297 2210 5347; x_wconf 88' lang='lat' dir='ltr'><strong>quum</strong></span> <span class='ocrx_word' id='word_1_909' title='bbox 2229 5280 2275 5336; x_wconf 85' lang='lat' dir='ltr'><strong>laic</strong></span> <span class='ocrx_word' id='word_1_910' title='bbox 2292 5281 2394 5336; x_wconf 83' lang='lat' dir='ltr'><strong>nondun</strong></span> <span class='ocrx_word' id='word_1_911' title='bbox 2407 5281 2468 5348; x_wconf 51' lang='lat' dir='ltr'><strong>nm,</strong></span> 
     </span>
     <span class='ocr_line' id='line_1_97' title="bbox 1702 5359 2458 5440; baseline 0.007 -19"><span class='ocrx_word' id='word_1_912' title='bbox 1702 5385 1765 5438; x_wconf 84' lang='lat' dir='ltr'><strong>pere</strong></span> <span class='ocrx_word' id='word_1_913' title='bbox 1779 5376 1882 5437; x_wconf 87' lang='lat' dir='ltr'><strong>posset,</strong></span> <span class='ocrx_word' id='word_1_914' title='bbox 1907 5371 2024 5436; x_wconf 73' lang='lat' dir='ltr'><strong>Aquitani</strong></span> <span class='ocrx_word' id='word_1_915' title='bbox 2042 5371 2145 5440; x_wconf 84' lang='lat' dir='ltr'><strong>quidem</strong></span> <span class='ocrx_word' id='word_1_916' title='bbox 2174 5373 2212 5427; x_wconf 92' lang='lat' dir='ltr'><strong>ad</strong></span> <span class='ocrx_word' id='word_1_917' title='bbox 2238 5377 2317 5428; x_wconf 82' lang='lat' dir='ltr'><strong>breue</strong></span> <span class='ocrx_word' id='word_1_918' title='bbox 2334 5382 2417 5438; x_wconf 78' lang='lat' dir='ltr'><strong>tempu</strong></span> <span class='ocrx_word' id='word_1_919' title='bbox 2430 5359 2458 5410; x_wconf 67' lang='lat' dir='ltr'><strong>c*</strong></span> 
     </span>
     <span class='ocr_line' id='line_1_98' title="bbox 1701 5460 2457 5534; baseline 0.009 -22"><span class='ocrx_word' id='word_1_920' title='bbox 1701 5461 1784 5514; x_wconf 90' lang='lat' dir='ltr'><strong>rolum</strong></span> <span class='ocrx_word' id='word_1_921' title='bbox 1802 5460 1888 5526; x_wconf 92' lang='lat' dir='ltr'><strong>illum,</strong></span> <span class='ocrx_word' id='word_1_922' title='bbox 1906 5462 2052 5518; x_wconf 79' lang='lat' dir='ltr'><strong>breviante</strong></span> <span class='ocrx_word' id='word_1_923' title='bbox 2070 5465 2235 5534; x_wconf 85' lang='lat' dir='ltr'><strong>expulsum,</strong></span> <span class='ocrx_word' id='word_1_924' title='bbox 2249 5467 2342 5520; x_wconf 87' lang='lat' dir='ltr'><strong>iterum</strong></span> <span class='ocrx_word' id='word_1_925' title='bbox 2356 5471 2424 5528; x_wconf 69' lang='grc'><strong>00000</strong></span> <span class='ocrx_word' id='word_1_926' title='bbox 2434 5463 2457 5502; x_wconf 63' lang='lat'><strong>⁵*</strong></span> 
     </span>
     <span class='ocr_line' id='line_1_99' title="bbox 1701 5551 2453 5628; baseline 0.011 -24"><span class='ocrx_word' id='word_1_927' title='bbox 1701 5552 1833 5618; x_wconf 89' lang='lat' dir='ltr'><strong>lutabant,</strong></span> <span class='ocrx_word' id='word_1_928' title='bbox 1847 5551 1894 5606; x_wconf 88' lang='lat' dir='ltr'><strong>aed</strong></span> <span class='ocrx_word' id='word_1_929' title='bbox 1909 5554 1942 5607; x_wconf 90' lang='grc'><strong>00</strong></span> <span class='ocrx_word' id='word_1_930' title='bbox 1961 5553 2052 5608; x_wconf 85' lang='lat' dir='ltr'><strong>eodem</strong></span> <span class='ocrx_word' id='word_1_931' title='bbox 2069 5556 2246 5627; x_wconf 85' lang='grc'><strong>0000000000,</strong></span> <span class='ocrx_word' id='word_1_932' title='bbox 2268 5560 2352 5628; x_wconf 88' lang='lat' dir='ltr'><strong>Pipini</strong></span> <span class='ocrx_word' id='word_1_933' title='bbox 2369 5557 2453 5624; x_wconf 69' lang='lat' dir='ltr'><strong>pati!⁸⁸</strong></span> 
     </span>
     <span class='ocr_line' id='line_1_100' title="bbox 1700 5633 2456 5716; baseline -0.004 -21"><span class='ocrx_word' id='word_1_934' title='bbox 1700 5648 1753 5696; x_wconf 80' lang='grc'><strong>801</strong></span> <span class='ocrx_word' id='word_1_935' title='bbox 1768 5643 1949 5710; x_wconf 73' lang='lat' dir='ltr'><strong>repetantur:</strong></span> <span class='ocrx_word' id='word_1_936' title='bbox 1984 5651 2014 5700; x_wconf 79' lang='lat' dir='ltr'><strong>A.</strong></span> <span class='ocrx_word' id='word_1_937' title='bbox 2029 5651 2083 5700; x_wconf 88' lang='grc'><strong>808</strong></span> <span class='ocrx_word' id='word_1_938' title='bbox 2102 5663 2188 5716; x_wconf 91' lang='lat' dir='ltr'><strong>quum</strong></span> <span class='ocrx_word' id='word_1_939' title='bbox 2208 5633 2357 5704; x_wconf 80' lang='lat' dir='ltr'><strong>Lndoricus</strong></span> <span class='ocrx_word' id='word_1_940' title='bbox 2374 5639 2456 5696; x_wconf 76' lang='grc'><strong>000101</strong></span> 
     </span>
     <span class='ocr_line' id='line_1_101' title="bbox 1701 5736 2457 5812; baseline 0.011 -24"><span class='ocrx_word' id='word_1_941' title='bbox 1701 5736 1747 5802; x_wconf 82' lang='grc'><strong>0.,</strong></span> <span class='ocrx_word' id='word_1_942' title='bbox 1762 5737 1883 5800; x_wconf 79' lang='lat' dir='ltr'><strong>tratrem,</strong></span> <span class='ocrx_word' id='word_1_943' title='bbox 1904 5738 1971 5792; x_wconf 89' lang='lat' dir='ltr'><strong>bello</strong></span> <span class='ocrx_word' id='word_1_944' title='bbox 1987 5747 2201 5808; x_wconf 80' lang='lat' dir='ltr'><strong>perseqreretur,</strong></span> <span class='ocrx_word' id='word_1_945' title='bbox 2221 5757 2384 5812; x_wconf 77' lang='lat' dir='ltr'><strong>magnapera</strong></span> <span class='ocrx_word' id='word_1_946' title='bbox 2398 5743 2457 5804; x_wconf 61' lang='lat' dir='ltr'><strong>pilii</strong></span> 
     </span>
     <span class='ocr_line' id='line_1_102' title="bbox 1700 5825 2456 5904; baseline 0.007 -22"><span class='ocrx_word' id='word_1_947' title='bbox 1700 5843 1757 5882; x_wconf 90' lang='lat' dir='ltr'><strong>rum</strong></span> <span class='ocrx_word' id='word_1_948' title='bbox 1765 5834 1843 5896; x_wconf 77' lang='lat' dir='ltr'><strong>seqre</strong></span> <span class='ocrx_word' id='word_1_949' title='bbox 1851 5827 1917 5883; x_wconf 87' lang='lat' dir='ltr'><strong>adeo</strong></span> <span class='ocrx_word' id='word_1_950' title='bbox 1925 5830 2105 5899; x_wconf 86' lang='lat' dir='ltr'><strong>episcopcrum</strong></span> <span class='ocrx_word' id='word_1_951' title='bbox 2115 5833 2151 5885; x_wconf 92' lang='lat' dir='ltr'><strong>ab</strong></span> <span class='ocrx_word' id='word_1_952' title='bbox 2161 5829 2218 5888; x_wconf 86' lang='grc'><strong>000</strong></span> <span class='ocrx_word' id='word_1_953' title='bbox 2230 5837 2328 5904; x_wconf 79' lang='lat' dir='ltr'><strong>perfida</strong></span> <span class='ocrx_word' id='word_1_954' title='bbox 2336 5825 2456 5889; x_wconf 65' lang='grc'><strong>000000000-</strong></span> 
     </span>
    </p>
   </div>
   <div class='ocr_carea' id='block_1_6' title="bbox 0 0 2500 6384">
    <p class='ocr_par' dir='ltr' id='par_1_8' title="bbox 0 0 2500 6384">
     <span class='ocr_line' id='line_1_103' title="bbox 0 0 2500 6384; baseline 0 0"><span class='ocrx_word' id='word_1_955' title='bbox 0 0 2500 6384; x_wconf 95' lang='lat' dir='ltr'><strong> </strong></span> 
     </span>
    </p>
   </div>
  </div>
 </body>
</html>
