5002 6366
383 441 517 510 vixisse
543 440 576 508 in
602 439 731 508 Arabia
757 438 1032 528 hlonotbeistas,
1058 451 1127 514 taut
1152 443 1296 514 tudens
1319 467 1419 532 quarn
1442 441 1579 528 Chaos,
1601 465 1712 531 neqve
1733 465 1792 510 eos
1818 463 1961 533 paucos,
1987 445 2087 529 satis,
2108 444 2252 535 opinor,
2278 467 2319 514 ea
2339 452 2460 539 antiqva

230 572 373 642 historia
395 585 515 644 notum
547 585 608 640 est.
663 573 777 662 AEqre
798 583 950 658 constat,
984 575 1139 645 Arabum
1161 599 1222 644 sua
1243 599 1410 666 qramqre
1435 578 1564 645 tribum
1589 575 1686 642 idola
1711 576 1869 644 coluisse.
1910 575 1994 643 dam
2014 599 2078 668 per
2102 603 2140 648 se
2161 580 2388 650 indubitatum
2408 597 2461 668 est,

231 717 359 774 tantam
385 719 421 775 et
455 705 710 776 multitudinem
741 717 774 772 et
803 707 1007 798 varietatem
1036 709 1209 778 numinum
1245 709 1468 778 erectioribus
1497 709 1586 776 iuter
1613 731 1674 778 eos
1704 709 1851 799 ingeniis
1879 711 2021 798 placere
2054 714 2153 782 nullo
2179 712 2288 782 modo
2312 717 2462 802 potuisse,

230 840 376 908 inarime
403 835 516 928 qvod,
552 863 627 930 qvas
653 841 720 907 alia
750 840 859 907 tribus
891 849 1006 907 sancte
1036 841 1176 908 colebat
1202 843 1341 910 numina
1379 865 1420 910 ea
1450 843 1518 909 alia
1544 841 1652 933 impie
1678 851 1898 908 contemnere
1928 842 2073 911 solebat.
2126 845 2278 914 Facilius
2312 847 2412 936 igitur
2434 849 2462 914 iu

228 975 356 1042 Arabia
382 997 484 1063 qvam
506 975 540 1042 in
563 975 639 1042 aliis
662 974 759 1041 terris
783 971 1042 1062 Polytheisnms
1060 973 1238 1064 exstirpari
1255 985 1401 1065 poterat.
1441 975 1560 1063 Neque
1580 983 1695 1040 tamen
1715 995 1852 1065 sperare
1872 957 1991 1059 licuit,
2009 999 2087 1044 eum
2105 977 2302 1046 christianae
2319 978 2464 1070 religioni

228 1131 402 1176 cessumm
429 1131 513 1175 esse.
564 1105 783 1189 Haec'enim,
804 1103 911 1194 qvalis
937 1125 980 1172 eo
1003 1116 1160 1198 tempore
1186 1107 1392 1192 docebatur,
1419 1107 1493 1174 lere
1518 1117 1591 1174 tota
1616 1105 1862 1174 subtilitatibus
1888 1105 2096 1198 dogmaticis
2122 1111 2321 1192 constabat3
2346 1111 2463 1180 Arabes

228 1253 341 1312 autem
366 1249 489 1332 uegeta
511 1239 694 1330 phantasia
720 1261 819 1327 qvam
845 1237 964 1304 subtili
987 1241 1210 1308 meditatione
1232 1241 1342 1332 magis
1365 1238 1636 1317 delectabantur.
1679 1240 1798 1327 Neqve
1822 1261 1904 1306 rern
1931 1241 2042 1307 simile
2062 1240 2151 1325 tuit,
2175 1243 2291 1332 plebis
2308 1243 2462 1327 deducte,

228 1377 447 1466 aplerisqre
469 1383 672 1457 contemta,
706 1369 876 1460 religione
910 1369 1008 1438 istam
1037 1372 1271 1440 idololatriam
1297 1355 1496 1464 superatum
1525 1373 1575 1441 iri.
1628 1372 1677 1439 At
1706 1373 1879 1438 enimvero
1914 1375 1942 1442 si
1976 1373 2012 1440 in
2032 1373 2155 1444 mediis
2180 1375 2356 1444 Arabibus
2382 1399 2465 1444 nore

228 1491 404 1602 religionis
425 1527 541 1599 praeco
561 1503 736 1597 prodiret,
762 1502 838 1568 talis
865 1501 934 1586 vir,
961 1504 1241 1594 quandoquidem
1261 1506 1446 1596 prophetae
1467 1527 1595 1598 magno
1618 1507 1663 1574 ab
1685 1504 1857 1572 Arabibus
1876 1505 2012 1574 honore
2033 1505 2129 1577 allici
2148 1512 2316 1596 solerent,
2343 1509 2465 1578 divino-

227 1666 293 1734 qre
315 1641 434 1710 alllatu
461 1638 614 1730 gaudere
635 1636 862 1718 haberentur,
896 1634 1003 1706 iidem
1033 1639 1100 1707 sibi
1127 1639 1199 1705 sinc
1224 1659 1352 1731 magna
1379 1639 1590 1708 difficultate
1613 1638 1760 1719 laceret3
1796 1637 1848 1703 sin
1879 1637 1946 1727 ipsi
1973 1641 2268 1730 persuasissimum
2294 1653 2402 1725 esset,
2436 1665 2464 1707 se
2494 1639 2495 1708 ἶ

228 1776 389 1845 (livinitus
418 1770 618 1862 inspiratum
645 1768 740 1856 loqvi
764 1778 799 1834 et
820 1790 943 1859 agere,
977 1773 1138 1861 profecto
1171 1771 1304 1840 fervida
1330 1774 1469 1864 ingenia
1489 1772 1646 1839 Arabum
1671 1771 1738 1838 sibi
1762 1770 1858 1838 facili
1884 1774 2027 1863 negotio
2053 1737 2265 1841 conciliaret.
2327 1774 2426 1860 Qvod
2444 1776 2465 1838 si

226 1931 306 1979 vero
332 1905 426 2000 ide-m
452 1887 492 1972 ul
511 1903 678 1994 singulari
699 1901 804 1968 animi
831 1902 983 2015 feruore,
1005 1905 1055 1973 sic
1071 1912 1166 1992 justa
1187 1905 1370 1996 prudentia
1393 1905 1577 1972 instructus
1600 1913 1705 1988 esset,
1731 1927 1796 1992 qva
1821 1906 1970 1972 monitus
1994 1929 2091 1973 suam
2109 1907 2316 1999 religionem
2338 1907 2465 1995 utriqre,
2494 1973 2495 1980 ,

225 2042 419 2115 christianae
441 2049 476 2105 et
490 2035 660 2130 judaicae,
685 2035 846 2126 religioni
867 2036 963 2105 haud
986 2039 1195 2123 absimilem,
1218 2049 1253 2106 at
1274 2033 1497 2131 popularium
1513 2059 1653 2105 suorum
1667 2037 1812 2126 ingeniis
1835 2037 1992 2128 apprime
2014 2039 2283 2130 respondentem
2303 2039 2465 2116 redderet3

224 2199 312 2245 nova
336 2175 413 2242 haec
435 2170 559 2264 religio
587 2169 676 2236 inter
693 2169 847 2259 populos
873 2167 1042 2257 Orientis,
1073 2171 1102 2238 si
1126 2195 1197 2260 non
1219 2171 1343 2242 eadem
1368 2173 1485 2262 lingva
1505 2180 1543 2238 at
1567 2169 1723 2238 dialectis
1744 2169 1834 2238 inter
1852 2194 1889 2238 se
1915 2171 2098 2238 simillimis
2120 2181 2271 2256 utentes,
2306 2174 2464 2242 laetissima
2494 2189 2495 2206 ¹

226 2313 434 2379 incrementa
461 2301 655 2372 necessario
686 2311 835 2390 caperet.
886 2302 1011 2371 'salem
1041 2303 1321 2372 Muhamendum
1355 2304 1476 2388 luisse,
1510 2303 1601 2371 inlra
1629 2301 1842 2370 docebimus.
1895 2303 1998 2389 Qvod
2030 2325 2112 2371 sero
2140 2327 2289 2398 regnum
2319 2307 2364 2372 ab
2401 2309 2465 2396 ipso
2494 2283 2495 2290 ἵ

794 2535 862 2596 lle
901 2535 1236 2630 Mubamed'o
1278 2539 1531 2619 ejusqve
1576 2536 1912 2619 religione.

329 2723 504 2780 Mubamedus
521 2723 601 2790 <abal
619 2721 729 2789 Κικιιι,
748 2721 806 2773 liba
821 2719 959 2789 Abdallab)
976 2721 1074 2782 blecca
1092 2740 1115 2775 a.
1134 2727 1183 2776 nti
1206 2721 1249 2776 die
1266 2726 1300 2774 21
1320 2723 1415 2790 Aprilis
1433 2730 1524 2782 natus,
1543 2738 1576 2776 ex
1596 2722 1693 2776 tamilla
1710 2720 1857 2791 Hascbetu,
1874 2739 1931 2791 qve
1949 2726 2032 2779 tribus
2049 2723 2177 2780 Korciscb
2196 2741 2257 2794 pars
2272 2735 2340 2794 erat,
2358 2726 2467 2781 oriundus
2494 2789 2495 2794 ἵ

224 2825 283 2878 tuit.
320 2819 370 2874 llic
388 2831 468 2884 qnnrn
487 2831 531 2882 ea,
550 2829 605 2880 qtae
623 2813 759 2866 mercatori
777 2814 844 2866 scitu
863 2814 1007 2867 necessaria
1024 2822 1102 2876 sunt,
1121 2813 1317 2884 perdidicisset,
1336 2814 1363 2865 in
1381 2811 1460 2866 domo
1478 2813 1563 2866 ridure
1578 2812 1727 2882 Kadiscbas,
1746 2831 1821 2882 quant
1840 2813 1950 2883 posthac
1969 2833 2076 2870 uxorem
2095 2817 2185 2883 duxit,
2202 2821 2311 2884 negotia
2329 2818 2466 2873 mumistia
2494 2823 2495 2848 i

226 2915 258 2969 nd
277 2922 381 2980 ternpus
399 2907 536 2974 dirigebat.
572 2905 666 2958 Subito
684 2921 744 2960 sero
762 2923 785 2958 a.
804 2909 871 2968 ⁶12,
895 2903 1120 2982 qradragesirnum
1138 2921 1234 2958 annum
1252 2921 1346 2972 agens,
1372 2920 1453 2970 quum
1476 2921 1534 2958 sese
1550 2905 1584 2958 ad
1602 2905 1796 2959 resonnandum
1814 2907 1976 2975 popularium
1993 2925 2102 2962 suornm
2118 2909 2271 2976 religionem
2290 2909 2414 2964 divinitus
2430 2923 2466 2976 per

226 3005 345 3073 angelum
373 3005 492 3052 vocatura
516 3013 574 3050 esse
597 2998 779 3064 arbitraretur,
809 2998 892 3064 primo
911 2998 985 3049 uxori
1004 3005 1031 3050 ct
1049 2996 1199 3050 domesticis
1225 2997 1291 3048 scita
1315 3011 1362 3048 sua
1380 2996 1520 3064 perarasit,
1548 3003 1611 3050 tnnc
1628 2999 1696 3050 inter
1712 3000 1785 3066 ipsos
1802 2996 1980 3052 Korsiacbitaa
1998 3017 2049 3052 non
2066 3002 2124 3054 sine
2140 3017 2236 3068 magno
2254 3003 2316 3056 ritae
2335 3001 2466 3056 discrimine
2494 2973 2495 3024 l

226 3101 320 3152 docere
339 3092 432 3160 coepit.
468 3089 569 3143 tisibus
587 3105 609 3139 a.
628 3091 681 3138 ⁶22
699 3087 792 3141 redere
810 3095 931 3154 coactns,
950 3088 983 3140 ad
1002 3089 1099 3142 incolas
1117 3088 1188 3140 urbis
1205 3087 1295 3140 Jatreb
1314 3086 1447 3153 confugit,
1466 3103 1529 3154 (μοι
1547 3089 1627 3140 tribui
1638 3105 1693 3140 suae
1708 3089 1889 3142 infestissimos
1904 3103 1963 3144 etse
1980 3093 2104 3147 uouisset.
2138 3095 2162 3144 Δ
2177 3108 2230 3158 nro
2248 3095 2380 3161 tempore,
2395 3093 2466 3145 Jatra·
2494 3139 2495 3144 ,

227 3192 336 3244 tritarum
359 3181 479 3252 presidio
497 3179 603 3247 egregie
620 3177 742 3246 adjutus,
768 3177 894 3232 bellorum
919 3177 973 3232 dua
992 3180 1109 3246 exstitit,
1137 3185 1209 3232 tanto
1234 3179 1338 3245 ingenio
1357 3176 1496 3249 praeditus,
1524 3186 1646 3245 tantaqre
1668 3181 1772 3232 torinna
1791 3187 1880 3246 utens,
1905 3190 1935 3234 ut
1953 3182 2022 3234 intra
2046 3181 2177 3238 decimum
2194 3197 2292 3238 munna
2317 3183 2407 3252 (633),
2427 3197 2467 3249 nro

226 3285 380 3351 peremtum
397 3281 481 3328 morta
498 3270 625 3338 decessit,
643 3287 745 3324 omnem
763 3273 884 3324 Arabiam
902 3269 1041 3337 doctrine,
1060 3271 1161 3336 legibus
1179 3287 1210 3324 ac
1230 3269 1338 3337 imperio
1356 3285 1404 3322 suo
1422 3263 1587 3322 obedientem
1605 3277 1714 3324 teneret.

329 3369 417 3434 Neqrc
436 3371 521 3418 tamen
541 3364 595 3416 sole
614 3363 709 3416 rlrtute
727 3361 777 3416 boc
795 3365 892 3416 iactum
911 3367 960 3414 cst.
995 3360 1050 3414 Sed
1069 3363 1181 3414 maxima
1196 3377 1277 3430 opum
1291 3359 1348 3428 ejna
1363 3376 1424 3428 pars
1435 3361 1525 3427 procul
1540 3361 1620 3414 dubio
1633 3360 1798 3430 insigniejus
1814 3360 1959 3429 prudentie
1975 3362 2098 3426 debeturt
2116 3364 2192 3432 cnjus
2210 3366 2350 3422 maiiesto
2365 3363 2468 3430 exempla

226 3465 281 3520 hec
299 3461 410 3516 habenas
1228 3520 1230 3524 ι
2461 3445 2464 3450 ’

262 3561 284 3606 1.
313 3547 487 3606 liuhamodus
505 3546 648 3599 doctrinam
666 3561 740 3598 amnt
758 3548 852 3610 sanis,
871 3564 927 3613 ιιι-ω
946 3545 1044 3600 dadum
1064 3549 1221 3607 desumant,
1239 3546 1380 3612 annexuit,
1399 3545 1482 3612 qvod:
1837 3611 1839 3620 Ι

364 3643 398 3709 a)
425 3653 504 3692 unum
523 3637 606 3690 Deum
625 3655 682 3690 esse
701 3637 808 3704 docuit,
836 3637 998 3704 errudenrqre
1020 3636 1054 3688 nd
1078 3652 1158 3704 opera
1181 3653 1228 3688 sua
1246 3635 1393 3704 peragenda
1410 3637 1509 3704 angelis
1534 3643 1665 3698 utentem,
1692 3637 1733 3702 qui
1752 3635 1855 3702 qnidam
1878 3651 1968 3690 omnes
1992 3638 2075 3691 bonos
2100 3646 2248 3704 creaverat,
2277 3651 2388 3705 qrorum
2407 3637 2469 3690 nolti

424 3727 533 3799 posthac
551 3747 566 3782 n
584 3729 639 3782 Deo
659 3727 827 3782 deliniebant:
1281 3709 1284 3726 ’

366 3825 401 3890 b)
425 3819 578 3875 ludaeorum
597 3818 771 3888 patriarchas,
798 3822 910 3875 maxime
928 3820 1038 3887 Mosen,
1066 3821 1151 3888 ipsum
1169 3817 1235 3872 adeo
1253 3819 1345 3872 Jesurn
1371 3817 1471 3872 diuinos
1496 3818 1596 3884 legatos
1620 3817 1782 3886 praedicarit;
1809 3833 1860 3886 qvo
1886 3818 1912 3870 id
1938 3819 1993 3872 lieri
2020 3821 2121 3887 potuit,
2147 3818 2216 3887 qiud
2239 3827 2347 3874 conant
2367 3817 2468 3872 Montani
2494 3825 2495 3840 ¹

406 3917 541 3980 'tempore
558 3911 700 3980 accidisse,
719 3921 749 3964 ut
767 3913 815 3979 ipsi
834 3910 980 3973 christiani,
999 3927 1074 3977 qvam
1093 3912 1281 3964 venerabantur
1298 3910 1449 3978 religionem
1466 3909 1602 3962 iudaicam
1620 3927 1668 3980 per
1685 3908 1819 3963 Christum
1838 3909 1995 3977 perlectam,
2018 3921 2075 3964 caut
2094 3927 2140 3978 per
2159 3928 2254 3966 novum
2275 3913 2400 3980 legatam,
2418 3919 2468 3964 tunt
2494 3949 2495 3958 ι

423 4005 595 4064 Montanum,
614 4020 683 4058 nunc
700 4001 903 4069 Mubamedum,
921 4000 1149 4058 consummandam
1167 4018 1224 4054 csse
1243 4007 1378 4070 putarent:
2176 4054 2181 4060 ,

365 4100 398 4164 c)
423 4097 661 4162 circumcisionem,
678 4111 754 4162 qvam
771 4094 857 4147 ludaei
875 4094 941 4146 tanti
959 4093 1104 4158 iaciebant,
1123 4093 1177 4144 suis
1197 4095 1253 4158 iege
1271 4093 1421 4161 imperarit,
1439 4109 1521 4160 neqve
1538 4109 1590 4145 non
1607 4089 1761 4159 qribnsdam
1779 4092 1842 4144 cibis
1861 4093 1930 4146 resci
1948 4093 2020 4146 netas
2038 4109 2096 4146 esse
2113 4093 2238 4146 asseruit:

364 4190 399 4254 d)
424 4191 586 4240 mortuorum
604 4187 832 4251 iesumectionem,
850 4184 1024 4251 taertorenqre
1043 4193 1102 4252 post
1121 4191 1231 4236 mortem
1249 4186 1362 4238 turursm
1380 4202 1438 4238 esse
1456 4187 1549 4251 sitam,
1562 4179 1716 4236 *constanter
1734 4181 1856 4236 tradidit:
2108 4237 2117 4246 ,

365 4279 397 4348 e)
420 4277 542 4332 doctrinis
561 4277 593 4330 de
611 4278 665 4331 lato
683 4277 838 4344 inevitabili,
855 4293 870 4328 a
888 4292 938 4343 qro
959 4275 1045 4328 omnia
1061 4283 1088 4329 et
1107 4276 1209 4340 singula
1227 4274 1383 4344 penderent,
1402 4277 1509 4344 propius
1526 4275 1561 4328 ad
1582 4273 1678 4340 dogma
1695 4275 1850 4339 Augustini,
1868 4275 1901 4326 in-
1914 4275 2000 4326 Airica
2017 4274 2194 4340 divulgatum,
2214 4279 2344 4332 accesit:

364 4373 393 4438 i)
421 4367 515 4423 ethicis
539 4367 647 4433 denique
671 4369 828 4435 praeceptis,
850 4383 906 4434 qrae
932 4373 1025 4434 practer
1049 4382 1174 4420 summam
1199 4368 1293 4420 mentis
1317 4368 1456 4436 puritatem
1481 4367 1563 4418 sarias
1581 4363 1729 4418 hominibus
1747 4365 1916 4430 injungebant
1934 4365 2048 4418 actiones
2073 4373 2208 4432 externas,
2236 4375 2267 4420 nt
2281 4369 2398 4435 jejunia,
2413 4344 2467 4434 *per-
2494 4427 2495 4430 Ἴ

424 4460 596 4528 egrinationes
615 4473 715 4524 samaa,
733 4460 939 4526 eleomnsynam,
958 4458 1066 4512 lotiones
1085 4464 1151 4524 cet,
1169 4464 1251 4510 totam
1269 4457 1349 4510 terme
1367 4455 1470 4530 etbipen
1488 4459 1528 4510 rel
1548 4457 1700 4511 Judaennnn
1719 4457 1759 4510 rel
1777 4453 1961 4511 monachorum
1980 4452 2179 4510 christianorum
2197 4461 2340 4524 expressit.
2494 4437 2495 4526 l

262 4561 286 4608 ¹2.
315 4549 488 4608 lllubarnedus
509 4551 659 4618 religionem
680 4551 790 4618 ingeniis
808 4549 972 4617 popularium
989 4565 1097 4602 suorum
1111 4548 1256 4614 jucundam
1275 4548 1409 4614 reddidit3
1427 4548 1496 4616 quod
2491 4529 2495 4610 l

365 4645 397 4710 a)
425 4644 484 4696 viris
503 4643 590 4711 plures
608 4641 704 4702 (lucere
723 4658 818 4696 uxores
837 4641 969 4708 permisit,
987 4641 1112 4693 toemiuns
1131 4647 1219 4712 autern¹
1236 4656 1367 4693 serrarum
1387 4641 1443 4693 loco
1461 4634 1567 4691 babuit:
1762 4627 1765 4634 ’

366 4737 402 4802 b)
428 4735 519 4788 bellica
536 4734 659 4786 sancitis
677 4733 881 4798 conmendavit,
898 4739 926 4784 et
942 4733 1000 4798 ipsa
1018 4732 1099 4795 bella,
1117 4747 1173 4798 qvae
1191 4732 1324 4798 religionis
1342 4749 1420 4785 causa
1438 4731 1662 4798 suscipiebantur,
1681 4747 1747 4798 opus
1766 4731 1820 4782 Deo
1842 4732 2019 4796 gratissimum
2038 4748 2095 4786 esse
2114 4733 2265 4806 affirmavita

366 4829 398 4896 c)
426 4827 573 4896 uoluptates
592 4825 722 4878 sensuales
740 4825 843 4878 virtutis
861 4825 887 4874 in
906 4822 987 4876 altera
1005 4823 1058 4876 vita
1072 4823 1179 4890 praemia
1195 4824 1251 4876 iore
1270 4822 1367 4877 docuit.
2317 4802 2326 4822 ⁵

262 4929 285 4974 it.
314 4917 490 4975 Mubamedus
509 4917 604 4972 sensim
623 4915 656 4968 ad
675 4931 783 4983 scopum
802 4915 852 4968 sibi
873 4915 1035 4983 propositum
1053 4912 1208 4982 accedebat,
1225 4912 1387 4980 eundemque
1406 4913 1483 4966 latius
1501 4913 1595 4966 sensim
1614 4911 1763 4966 extendisse
1782 4911 1891 4965 ridetur.
1929 4914 1975 4966 Sic
1993 4914 2066 4966 initio

366 5015 398 5080 a)
423 5009 531 5064 ludaeos
548 5016 575 5061 et
591 5003 694 5075 Chaos,
713 5017 762 5073 qvo
781 5022 829 5058 suo
848 5007 990 5073 patrocinio
1008 5007 1169 5072 fruerentur,
1188 5008 1291 5056 tantum
1305 5005 1399 5074 jussit,
1418 5015 1447 5060 ut
1466 5023 1495 5058 sc
1513 5006 1644 5073 legatum,
1661 5003 1792 5058 arabibus
1809 5002 1933 5056 divinitus
1951 5005 2059 5057 missum
2077 5005 2265 5072 praedicarentz

365 5103 399 5170 b)
422 5105 447 5157 in
467 5099 596 5170 precando
613 5099 706 5152 taciem
727 5099 933 5164 Hierosolymam
950 5113 1040 5150 versus
1059 5097 1136 5174 dirigi
1154 5097 1305 5163 imperarit:
1464 5166 1469 5172 ἱ
1939 5087 1942 5092 “

367 5197 401 5262 c)
427 5191 545 5246 docendo
563 5199 590 5244 et
609 5187 801 5258 peraradendo,
820 5203 870 5240 nou
891 5193 978 5242 nutem
997 5189 1022 5240 vi
1040 5194 1067 5240 ct
1085 5165 1164 5239 armis
1182 5185 1261 5240 tidem
1277 5203 1351 5240 suam
1369 5187 1541 5254 propagetit3

318 5291 377 5354 post
394 5283 496 5353 allqvod
514 5299 574 5335 sero
593 5281 717 5348 temporis
740 5277 866 5346 spatium,
893 5280 987 5346 nimis,
1014 5277 1109 5346 credo,
1132 5279 1237 5330 fortuna
1261 5295 1309 5334 sua
1331 5280 1431 5343 elatus,
1455 5279 1588 5346 lanatico,
1611 5296 1662 5346 qvo
1680 5279 1779 5332 nullutn
1796 5274 1975 5330 vehementius
1994 5275 2044 5330 dici
2063 5285 2109 5330 aut
2127 5279 2268 5346 excogitari
2289 5289 2392 5350 pustest,
2419 5275 2467 5330 odio

315 5375 421 5430 Judnos
445 5383 471 5429 et
489 5373 593 5436 Chaos,
618 5381 648 5425 ut
671 5371 798 5438 integram
821 5387 895 5422 stram
919 5371 1064 5424 doctrinam
1082 5369 1280 5440 profiterentur,
1306 5371 1455 5440 imperarit,
1480 5369 1603 5438 precandi
1625 5387 1725 5426 morem
1741 5367 1892 5422 Judaeorum
1913 5368 2023 5422 ludibrio
2042 5365 2148 5436 babuit,
2167 5369 2201 5423 ad
2219 5387 2291 5424 arma
2311 5361 2430 5436 deniqne,
2451 5365 2466 5414 ’ἱ
2494 5421 2495 5426 ,

317 5465 377 5532 qvid
396 5465 419 5516 ei
438 5467 577 5532 resisteret,
596 5465 664 5516 illico
684 5463 838 5530 properarit.
1828 5505 1833 5514 ,
2125 5509 2129 5526 ,

334 5551 507 5609 Mubamedus
527 5555 671 5609 doctrinam
690 5569 778 5619 suun,
805 5569 861 5620 qus
879 5568 930 5605 non
954 5560 995 5606 est
1015 5544 1088 5618 Juste
1113 5552 1230 5606 idearum
1249 5553 1407 5620 quarundenr
1431 5554 1570 5622 explicatio
1588 5553 1637 5608 sed
1655 5554 1800 5620 composita
1818 5567 1850 5604 ex
1869 5537 1957 5604 multis
1980 5569 2010 5606 ac
2030 5551 2105 5604 variis
2131 5553 2282 5616 elementis,
2310 5554 2466 5615 untleeannte

230 5649 339 5706 corrado
367 5652 411 5709 et,
440 5657 469 5698 ut
489 5653 606 5714 tempora
623 5647 754 5713 serebant,
781 5645 876 5698 sensim
895 5641 1019 5709 adjectis,
1047 5659 1080 5696 nc
1098 5651 1244 5712 temporum
1262 5643 1357 5712 injuria
1379 5645 1501 5699 oblivioni
1521 5645 1683 5712 traderetur,
1708 5646 1802 5697 litteris
1819 5642 1958 5696 mandauit.
1994 5643 2096 5696 Horum
2114 5645 2230 5698 omniurn
2253 5647 2391 5712 collectio,
2416 5653 2467 5694 curt

231 5737 377 5794 Abubelteri
395 5737 530 5805 instituta,
548 5737 635 5790 Koran
653 5738 700 5804 (or
719 5737 880 5805 scriptura),
900 5733 938 5786 vel
957 5732 1036 5786 ttttsb
1052 5733 1100 5800 (oz
1119 5735 1215 5802 iiber),
1232 5752 1257 5788 v.
1275 5733 1356 5789 Dihar
1374 5735 1420 5802 (ot
1439 5737 1580 5802 memoria)
1598 5735 1649 5789 dici
1668 5738 1748 5798 solet3
1772 5751 1828 5803 ιιι-ιιι
1845 5742 1873 5788 et
1891 5734 2065 5801 dogmaticam
2082 5734 2191 5802 (lotan)
2209 5743 2236 5788 et
2258 5734 2375 5790 ethicam
2392 5728 2466 5798 (nint

233 5835 330 5900 partem
349 5829 537 5898 complectitur.
557 5828 680 5883 Universa
699 5827 816 5883 doctriua
833 5822 999 5882 Mubamedis
1018 5825 1095 5881 lslam
1113 5834 1203 5882 vocata
1220 5835 1270 5882 est.
