5002 6366
301 469 302 472 ,
396 413 519 486 Graeca
540 415 697 500 cleresia,
723 435 765 482 ex
790 413 931 482 arbitrio
955 411 1152 506 principum
1178 413 1285 484 fidem
1312 437 1407 484 snam
1432 422 1564 482 mutare
1590 414 1710 502 solita,
1747 417 1934 510 imaginum
1961 423 2186 516 religionem,
2219 436 2256 496 ut
2280 429 2470 522 imperatoria

259 516 415 584 voluutas
442 517 588 601 ferebat,
627 534 717 583 nunc
743 511 929 582 damnabat
954 536 1045 582 nunc
1071 515 1256 584 solenniter
1275 511 1466 584 'sanciebat
1518 517 1636 606 Neque
1658 518 1765 603 enim,
1789 542 1888 608 qvam
1915 521 2037 592 memo
2061 525 2124 594 viae
2149 509 2344 616 sapientiam
2363 532 2469 608 Franci

221 611 225 619 ¹
261 638 292 684 a.
317 613 392 684 794
418 617 524 684 secuti
547 624 657 701 erant,
689 613 780 681 hanc
810 637 905 682 suam
935 614 1011 682 lieri
1036 614 1150 685 Graeci
1172 616 1411 706 patiebantur3
1440 613 1539 706 cujus
1565 616 1615 683 rei
1645 639 1747 685 causa
1773 630 1845 687 tum
1873 622 1908 687 in
1935 625 2080 692 nominis
2106 625 2218 697 Latini
2247 629 2383 718 insidia,
2413 649 2469 706 tom

260 715 298 783 in
324 715 472 786 fanatica
497 715 745 782 monachorum
771 714 998 803 plurimorum
1017 725 1051 782 et
1069 715 1312 806 episcoporum
1339 715 1554 804 quorundam
1579 715 1725 785 audacia
1746 721 1849 807 qvoeri
1876 721 1990 790 debet.
2040 724 2081 792 ln
2100 724 2164 792 ista
2180 750 2260 795 vero
2280 729 2470 822 ingeniorum

259 814 319 884 vel
343 814 571 882 inconstantia
596 815 651 884 vel
674 814 751 883 zelo
777 817 1003 905 intemperato
1036 815 1160 883 litterae
1183 836 1305 904 parurn
1331 825 1390 880 aut
1413 815 1529 906 potius
1555 815 1643 886 nihil
1668 817 1854 902 florebant3
1894 843 1996 910 qvure
2021 824 2097 893 sitae
2130 824 2311 896 doctorum
2341 834 2469 906 virorum

262 913 440 1004 digniores
462 924 560 998 eunt,
588 927 958 1004 qvecognoscantur,
985 937 1085 1004 qvam
1112 915 1238 1003 scripta
1264 913 1462 982 eorundem.
1507 917 1676 1006 Perqvam
1703 917 1807 1009 igitur
1831 920 1981 990 feliciter
2006 923 2151 1004 accidit,
2178 937 2215 994 ut
2247 927 2315 998 hoc
2338 943 2469 1024 tempora

260 1011 486 1104 Culipbarum
512 1013 637 1082 solium
659 1025 789 1080 teneret
800 1014 1030 1098 Almsnunes,
1065 1015 1116 1081 vir
1138 1013 1332 1083 incredibili
1358 1015 1546 1116 litterapum
1573 1039 1689 1085 amore
1715 1021 1890 1107 incensus,
1929 1023 2047 1111 qviet
2074 1025 2304 1095 bibliothecas
2329 1031 2470 1104 librorum

259 1111 460 1182 Graecorum
483 1113 672 1198 condebat,
708 1123 742 1180 et
767 1136 846 1181 suos
869 1113 1122 1205 cognoscendae
1147 1113 1278 1184 Grmcm
1305 1115 1502 1184 litteraturas
1533 1117 1649 1185 studio
1681 1117 1936 1204 inflammabat3
1972 1124 2095 1212 quibus
2121 1137 2242 1214 postea
2273 1127 2394 1200 lactum
2421 1151 2469 1216 est,

258 1223 315 1298 ut,
346 1213 511 1281 exstincta
537 1213 644 1281 ferme
675 1215 708 1281 in
729 1213 907 1303 Europaeis
934 1213 1132 1282 Graecarum
1161 1216 1350 1282 litterarum
1375 1216 1591 1306 cognitione,
1624 1217 1694 1286 hac
1725 1242 1785 1287 eos
1811 1220 1974 1289 Saraceni
2003 1225 2169 1292 instruere
2204 1241 2351 1317 possent
2373 1270 2420 1284 ·-·
2441 1235 2469 1300 ln

258 1311 450 1382 Occidente
475 1312 672 1380 Ludoricus
698 1313 797 1399 Pius,
831 1315 888 1403 qvi
909 1313 1072 1405 magnum
1098 1323 1231 1406 patrem
1257 1337 1357 1382 suum
1379 1313 1503 1392 imitari
1524 1317 1707 1408 cupiebat,
1733 1317 1840 1410 hujus
1875 1320 1919 1389 de
1951 1323 2159 1415 imaginibus
2191 1330 2385 1398 sententiam
2404 1355 2469 1400 corr-

257 1412 422 1494 iinuavit3
448 1411 541 1480 idem
561 1435 663 1499 vero,
695 1435 768 1501 qvae
794 1410 868 1504 ejus
895 1425 967 1481 erat
992 1414 1156 1481 timiditas
1182 1416 1370 1505 mentisque
1395 1415 1632 1502 imbecillitas,
1663 1419 1848 1488 antistitem
1873 1421 2085 1509 Romanum,
2119 1425 2299 1494 offendere
2324 1452 2467 1507 recusans.

259 1513 394 1588 cultum
423 1512 630 1603 imaginum,
663 1536 730 1602 qvo
760 1498 894 1605 integra
924 1513 1077 1603 synodus
1105 1513 1217 1582 Gallis
1247 1513 1481 1601 interdixerat,
1515 1518 1550 1584 in
1585 1519 1745 1588 omnibus
1775 1521 1910 1610 imperii
1942 1523 1994 1590 sui
2024 1525 2180 1616 partibus
2217 1549 2288 1594 non
2318 1551 2408 1598 ausus
2431 1549 2468 1598 cst

258 1621 383 1682 vetare.
433 1612 526 1698 Quid
546 1615 669 1681 mirum
693 1614 816 1706 igitur,
838 1626 911 1682 tum
937 1613 1031 1681 hunc
1052 1615 1183 1682 cultum
1204 1615 1239 1682 in
1264 1615 1430 1705 plurimus
1457 1617 1562 1704 locis,
1592 1619 1739 1688 maxime
1765 1619 1942 1706 initalia,
1982 1647 2213 1716 magnacum
2240 1629 2400 1720 religione
2419 1633 2467 1698 ob-

261 1716 432 1784 servatum
464 1734 553 1799 esse,
584 1725 658 1782 tum
686 1714 860 1783 erectioris
892 1714 1021 1805 ingenii
1053 1713 1259 1805 theologos,
1288 1715 1380 1784 illius
1410 1717 1585 1808 impietate
1611 1719 1783 1807 offensos,
1813 1721 1927 1790 media
1952 1724 2007 1812 sia
2027 1726 2163 1812 relicta,
2197 1726 2345 1818 deipsis
2369 1733 2465 1822 imagi-

464 1966 504 2028 lis
526 1963 758 2043 iconoclastica‚
782 1967 864 2028 inter
884 1965 1011 2028 Graecos
1036 1972 1140 2048 gesta,

258 2072 340 2142 qualis
358 2089 405 2142 per
418 2069 468 2127 hoc
483 2087 566 2125 aarum
587 2077 652 2137 erat,
670 2072 764 2138 ansuis,
779 2089 835 2150 qvae
850 2068 977 2124 hactenus
986 2073 1011 2124 in
1020 2073 1076 2141 lpse
1091 2049 1243 2134 evenerant,
1254 2065 1346 2125 eudem

258 2165 313 2219 iere
330 2164 434 2232 ordine,
451 2181 500 2232 qro
519 2172 596 2218 antea
613 2165 792 2232 inerserunt,
819 2164 938 2232 repetiitr
954 2180 1096 2233 quanquam
1114 2163 1170 2218 brec
1194 2164 1275 2218 nostri
1299 2163 1345 2216 reri

259 2262 351 2314 menta
365 2257 391 2309 is
411 2257 540 2310 nonnullis
557 2257 621 2310 satis
638 2257 670 2308 ab
688 2257 739 2309 illis
755 2254 886 2310 differunt.

328 2349 443 2418 Namque
461 2349 515 2402 laco
537 2349 567 2417 V,
582 2349 733 2414 musa,
757 2349 795 2400 nir
812 2349 905 2400 bellica
919 2349 1014 2402 virtute
1032 2347 1131 2410 ebrus,
1154 2333 1239 2400 animo
1258 2363 1345 2400 secum

261 2446 401 2510 reputans,
415 2457 490 2510 qnam
508 2441 602 2495 luisset
616 2441 751 2510 imperium
766 2439 983 2492 iconoclastarum
1000 2441 1183 2508 imperatorum
1201 2439 1294 2507 (Leon
1311 2439 1347 2492 lll

260 2539 289 2586 et
304 2531 439 2586 Constant.
449 2533 485 2601 V)
504 2533 618 2600 celebre,
637 2532 833 2586 iconolstrsrum
852 2537 938 2584 antem
955 2531 1119 2598 ingloriam,
1134 2530 1236 2596 statim,
1256 2537 1284 2582 ut
1300 2531 1347 2582 im·

262 2632 368 2696 perator
381 2625 466 2678 iactus
484 2629 539 2694 est,
565 2640 613 2694 per
631 2621 775 2677 iohannem
794 2623 995 2675 Grammaticum
1012 2623 1110 2676 cultum
1125 2622 1266 2688 imaginum
1282 2638 1346 2690 prae·

263 2717 480 2770 stutisaimornm
502 2725 603 2786 patrum
628 2716 824 2769 auctoritatibus
842 2716 916 2767 docte
937 2715 1054 2781 rrsutnrs'
1066 2716 1159 2780 jussits
1185 2729 1236 2780 qao
1260 2721 1346 2767 tamea

259 2805 400 2878 Phosphori
424 2806 576 2878 patriarche
597 2807 744 2874 Constant,
770 2807 893 2858 furiosam
916 2807 1057 2873 imaginum
1081 2807 1251 2858 reverentiam
1276 2803 1346 2860 haud

259 2898 347 2967 tregit.
362 2927 397 2940 -
419 2897 519 2954 Deinde
543 2899 638 2954 seditio
660 2900 746 2970 pletis
766 2915 797 2952 ac
818 2899 929 2952 menime
946 2901 1056 2952 militum
1080 2905 1137 2952 orta
1154 2904 1209 2964 est,
1242 2914 1294 2951 nou
1315 2915 1346 2952 ea

261 2999 364 3059 men,
378 2999 408 3045 nt
423 2992 484 3046 olim
499 2992 535 3060 (a.
551 2992 628 3060 ⁷80),
650 2991 683 3046 sd
702 2991 826 3050 tuendum
844 2989 975 3058 magines,
998 2991 1046 3045 scd
1064 2989 1098 3045 sd
1118 2988 1165 3044 has
1181 2991 1251 3059 ipsas
1273 2991 1343 3058 peni-

263 3091 307 3140 tus
321 3083 468 3140 abolendas.
498 3083 528 3136 ln
551 3081 600 3137 hac
626 3091 712 3138 sutem
729 3084 784 3138 Leo
800 3082 823 3136 V
839 3082 1010 3150 moderatius,
1031 3099 1104 3152 qrsm
1121 3083 1146 3134 in
1162 3083 1205 3134 iila
1225 3083 1282 3134 Leo
1298 3082 1345 3142 lli,

261 3178 421 3252 vmaabstur.
465 3175 537 3228 Clam
558 3177 626 3230 enim
641 3173 832 3245 Nicephorum,
860 3191 933 3244 qrem
951 3175 1023 3228 iuror
1038 3173 1251 3228 tumultuantium
1269 3171 1344 3226 vehe-

262 3269 422 3323 mentissime
441 3269 559 3338 petebat,
576 3283 681 3321 munere
700 3269 825 3336 privatum
841 3267 904 3320 urbe
919 3267 1033 3335 expulit,
1051 3265 1230 3332 Theodotum,
1247 3267 1341 3320 laicum

262 3358 387 3430 quendam
404 3357 545 3426 hominem,
559 3359 584 3411 iu
602 3359 658 3425 ejus
676 3359 762 3414 locum
777 3361 916 3424 sufficiens,
934 3360 1126 3426 concitatosqre
1141 3356 1274 3411 hominum
1290 3359 1343 3410 sni·

259 3467 318 3508 mos
333 3468 426 3520 magno
451 3451 538 3504 labore
558 3450 666 3504 sedarit.
689 3477 723 3492 -
748 3451 818 3504 Tum
842 3450 980 3504 caecilium
997 3427 1220 3518 constaminopoli
1245 3467 1268 3503 ι
1291 3453 1344 3502 sla

261 3545 367 3618 coegit,
384 3545 411 3596 in
428 3559 477 3612 qvo
496 3550 582 3612 patras
599 3542 705 3597 eandem
724 3545 808 3610 legem
827 3545 989 3610 esurierunt,
1007 3559 1062 3610 qrc
1079 3543 1105 3594 in
1124 3543 1232 3596 concilio
1251 3559 1274 3596 a.
1292 3546 1343 3595 164

258 3637 315 3690 lata
328 3643 384 3691 erat
392 3637 416 3689 ⁸.
433 3663 468 3676 -
485 3635 636 3704 Postremo,
656 3651 737 3704 quum
751 3637 835 3689 rabies
854 3635 1052 3688 iconolstransm
1059 3669 1068 3696 ,
1092 3650 1155 3702 qnos
1175 3634 1241 3688 inter
1255 3631 1343 3688 Theo-

262 3727 342 3782 dorus
359 3725 479 3780 studites
499 3729 608 3796 primum
628 3728 712 3782 locum
735 3730 854 3796 tenebat,
880 3727 919 3780 sel
935 3727 1048 3780 convicia
1066 3725 1091 3778 in
1107 3741 1165 3778 euna
1183 3726 1265 3794 palam
1284 3742 1344 3778 con-

261 3826 378 3890 gereret,
401 3820 440 3872 rel
457 3835 535 3874 noras
550 3837 591 3873 res
607 3821 753 3889 moliretur,
770 3821 943 3873 ferocissimos
960 3834 1072 3887 qrosqre
1091 3818 1115 3868 in
1134 3821 1234 3874 vincula
1252 3819 1343 3886 conjici

260 3913 456 3982 ueteribusque
478 3910 556 3979 offici
576 3911 664 3980 jussit.
683 3939 717 3952 -
745 3912 861 3965 Michael
881 3911 994 3978 linibus,
1022 3911 1148 3978 imagines
1166 3911 1222 3980 ipse
1237 3927 1342 3980 exosus,

261 4011 396 4075 paatqsan
416 4006 524 4060 lenitate
539 4005 652 4058 furorem
671 4004 866 4058 iconolatrarnm
885 4009 1003 4056 nontam
1021 4003 1262 4072 sedarissct,qram
1282 4021 1343 4058 con·

261 4095 423 4165 dtasbset’,
440 4096 533 4152 horum
557 4098 682 4167 plurimos
699 4097 811 4162 graviter
836 4095 944 4164 punirit.
983 4095 1022 4148 Ne
1045 4101 1131 4148 autem
1155 4097 1189 4148 ob
1207 4093 1257 4149 hoc
1276 4099 1343 4151 inter

261 4185 442 4242 Occidentsles
457 4189 553 4257 injusta
573 4191 683 4244 terretur
699 4189 840 4255 sententia,
866 4187 969 4242 litteras
985 4187 1056 4240 arbit
1072 4185 1106 4240 ad
1124 4189 1270 4254 pontificem
1288 4189 1342 4241 Ro·

1797 1975 1969 2058 scriptores
2000 1977 2111 2041 Graeci.
2473 2043 2476 2052 ,

1480 2077 1604 2150 Sergius,
1621 2081 1661 2148 qai
1671 2080 1795 2134 multaab
1805 2081 1939 2136 defensum
1949 2085 2047 2138 cultum
2063 2086 2204 2152 imaginum
2216 2101 2309 2155 passus
2323 2095 2373 2151 est,
2388 2089 2465 2156 scripsit

1409 2182 1543 2236 historiam
1560 2170 1685 2236 adversius
1703 2182 1902 2254 iconomachos,
1930 2202 1971 2240 res
1995 2197 2083 2254 gestas
2101 2191 2162 2245 inde
2184 2211 2199 2246 a
2218 2193 2376 2246 Constantini
2394 2193 2457 2258 Capro

1408 2289 1479 2354 nymi
1494 2289 1655 2356 temporibus
1673 2286 1706 2340 ad
1726 2307 1750 2342 a.
1768 2295 1822 2344 828
1839 2291 2070 2360 complectentem,
2088 2313 2144 2364 qrae
2161 2313 2223 2351 reso
2241 2299 2325 2366 periit.

1480 2391 1610 2452 litasset,
1636 2394 1801 2459 syncellus¹¹
1819 2393 1973 2464 patriarchas
1993 2405 2022 2451 et
2043 2403 2180 2468 presbyter
2203 2404 2322 2456 ecclcsiae
2349 2399 2463 2462 Hermob-

1409 2495 1527 2560 mitanas,
1545 2495 1586 2563 qvi
1604 2495 1700 2550 multos
1718 2513 1767 2566 pro
1786 2499 1927 2569 imaginum
1938 2519 2016 2556 causa
2034 2505 2135 2560 labores
2146 2515 2174 2560 et
2189 2522 2319 2562 assumam
2334 2503 2462 2564 sustinuerat,

1409 2599 1496 2667 plnres
1510 2599 1690 2668 pastoresque
1711 2603 1761 2654 sub
1781 2600 1929 2671 Theophila
1952 2605 2112 2676 imperatore
2130 2611 2295 2680 patiebatur,
2321 2611 2382 2663 ciros
2396 2625 2414 2660 a.
2426 2609 2463 2657 tii

1409 2702 1435 2754 in
1453 2717 1581 2756 carcerem
1600 2704 1734 2770 conjectus
1750 2713 1778 2761 et
1795 2709 1931 2763 tormentis
1947 2705 2121 2767 excruciatos
2155 2714 2286 2784 Scripsit:

1434 2837 1441 2848 ι
1510 2809 1536 2858 1.
1550 2809 1696 2861 encomium
1712 2809 1741 2863 S.
1760 2811 1877 2879 Dionysii
1898 2816 2077 2885 Areopagites

1506 2915 1734 2968 scammonia
1753 2916 1864 3006 sanctos
1885 2915 1932 2969 Dei
1951 2915 2127 2990 Archangeioa
2145 2929 2173 2976 et
2190 2923 2321 2991 Angelos

1506 3019 1531 3068 8.
1549 3017 1674 3084 professio
1691 3017 1751 3072 ndei
1766 3036 1789 3073 s.
1808 3019 1909 3074 libellus
1926 3020 1960 3076 de
1979 3022 2126 3081 orthodoxa
2143 3027 2206 3083 fide.

1478 3118 1642 3186 distinctius,
1661 3121 1794 3176 consessor
1811 3121 1911 3194 dictus,
1929 3129 2034 3184 natione
2050 3131 2169 3198 Siculus,
2189 3130 2361 3198 monasterio,
2382 3130 2402 3182 ia
2416 3126 2478 3178 Clio¹

1407 3221 1491 3278 insula
1507 3229 1658 3292 exstructo,
1676 3223 1839 3296 adscriptus,
1860 3245 1875 3282 a
1894 3229 2023 3288 hlicbaeie
2040 3233 2122 3286 Balbo
2140 3235 2176 3286 ob
2196 3243 2384 3304 propugnatum
2398 3234 2459 3296 iurgi·

1407 3343 1470 3380 num
1488 3328 1586 3380 cultum
1604 3336 1664 3383 ante
1683 3346 1706 3383 s.
1723 3333 1776 3396 829
1800 3329 1957 3400 iuhcritana
1982 3353 2110 3390 carcerem
2136 3335 2275 3404 conjectus
2291 3347 2345 3407 est,
2368 3356 2388 3391 a.
2402 3343 2460 3390 msa

1409 3429 1556 3500 Theophila
1570 3432 1645 3501 imp,
1660 3432 1799 3492 seditiones
1815 3440 1847 3493 ab
1866 3457 1898 3494 ec
1912 3439 2063 3496 excitandas
2081 3444 2177 3510 serito,
2197 3445 2223 3498 in
2243 3445 2358 3498 exercitu
2372 3441 2460 3495 stram

1408 3539 1550 3590 Saracenos
1572 3536 1667 3591 ductus
1690 3555 1720 3592 sc
1743 3548 1803 3610 post
1826 3543 1939 3598 reditum
1961 3547 1986 3599 in
2012 3549 2177 3602 tenebrosum
2204 3563 2335 3603 carcerem
2357 3545 2459 3612 coemto.

1409 3643 1482 3696 Anno
1507 3646 1561 3695 842
1584 3639 1729 3712 patriarcha
1747 3645 1883 3703 Constant.
1903 3650 2008 3718 iactus,
2031 3653 2057 3705 in
2076 3651 2179 3720 synodo
2195 3651 2278 3720 hujus
2296 3649 2353 3704 anni
2375 3640 2458 3700 sabuti·

1409 3749 1494 3802 cultus
1512 3748 1651 3816 imaginum
1666 3751 1802 3804 restitutor
1817 3753 1867 3807 iuit
1878 3755 1917 3808 ¹¹.
1950 3753 1992 3808 Es
2013 3755 2131 3824 scriptis,
2151 3773 2210 3826 qma
2229 3758 2253 3812 ei
2271 3757 2348 3809 tribui
2362 3753 2458 3806 solent·

1407 3852 1547 3906 orationes.
1565 3852 1681 3906 marato
1694 3860 1722 3906 et
1740 3872 1852 3909 canones
1866 3858 2111 3926 potnitcntinles-
2124 3860 2247 3930 pleraque
2265 3878 2348 3936 parsae
2364 3857 2420 3922 tidei,
2432 3869 2459 3906 u·

1406 3955 1476 4009 ncris
1493 3957 1571 4010 etism
1590 3957 1664 4027 pretii
1683 3961 1793 4013 sunt¹¹.

1479 4059 1657 4131 ii'iceplaorus,
1674 4062 1754 4118 lreose
1773 4081 1788 4118 a
1805 4063 1920 4129 secretis,
1939 4063 2028 4117 aulicae
2042 4066 2101 4120 ritae
2118 4077 2257 4140 pertaesus,
2275 4071 2301 4126 in
2316 4065 2472 4124 monasterius¹

1406 4162 1529 4230 secessit,
1552 4163 1599 4217 sed
1622 4181 1645 4219 a.
1669 4171 1736 4234 808,
1757 4174 1860 4220 mortuo
1879 4165 2003 4234 Teresia,
2026 4169 2082 4236 ipse
2105 4173 2257 4240 patriarcha
2276 4177 2359 4230 iactus
2381 4177 2417 4224 est
2443 4167 2456 4214 -i

262 4293 366 4334 mmnm
381 4286 409 4334 et
424 4279 586 4336 Ludoricum
604 4283 798 4352 imperatorem,
825 4297 880 4348 qne
903 4295 987 4332 seram
1009 4279 1061 4332 litis
1084 4280 1208 4332 rationem
1229 4251 1351 4350 erpone-⁵
1393 4267 1526 4326 &10⁰⁰st
1543 4273 1628 4324 ⁸0⁸¹⁵
1640 4270 1703 4325 ⁸0⁶0
1718 4279 1876 4336 ⁵¹1⁸¹¹¹⁰i¹¹⁸r
1893 4269 1919 4321 5¹¹
1929 4273 2084 4326 ¹¹¹⁰¹¹⁸⁸i²f3⁰
2094 4274 2126 4328 td
2137 4285 2252 4332 mrtem
2269 4278 2370 4332 delituit
2382 4269 2454 4342 (iffi

261 4377 334 4434 aesta
350 4387 406 4439 qve
425 4378 510 4429 mnaso
528 4390 579 4428 non
594 4376 692 4442 magis,
709 4390 784 4442 qvam
801 4370 916 4439 synodus
934 4373 976 4425 ills
995 4373 1199 4438 Gentiliacensis,
1213 4373 1341 4426 Occiden-

263 4463 370 4526 talibus,
392 4469 422 4515 ut
437 4465 587 4522 Graecorum
601 4466 634 4521 de
648 4466 802 4534 imaginibus
816 4465 967 4517 sententiam
984 4465 1135 4532 probarent,
1153 4473 1341 4532 persuaserunt.

261 4581 299 4596 ·-
315 4552 476 4624 Theophilus
489 4557 557 4611 lilius
574 4558 630 4626 ejus
650 4561 715 4629 pari,
734 4565 810 4626 atqre
829 4557 889 4609 olim
907 4556 962 4608 Leo
980 4555 1025 4621 li',
1042 4556 1067 4608 in
1080 4555 1232 4609 iconolatras
1250 4557 1343 4610 seresi-

262 4655 317 4703 tate
334 4663 397 4702 usus
416 4656 472 4712 est,
488 4648 660 4718 eandemque,
677 4666 751 4719 qvam
768 4649 825 4717 ille,
842 4651 970 4702 loctunam
989 4643 1093 4712 habuit3
1117 4663 1176 4702 nam
1194 4645 1341 4716 Theodora,

260 4741 366 4810 regn'na,
379 4740 504 4806 imagines
522 4741 665 4794 clanculum
683 4743 791 4796 colebat.
826 4741 913 4808 ltaqre
932 4735 1124 4808 prohibiturus,
1146 4757 1179 4794 ne
1197 4749 1256 4810 post
1275 4759 1342 4796 mor·

261 4841 315 4887 teau
332 4847 405 4887 anam
423 4828 501 4898 hujus
520 4833 633 4886 mulieris
657 4832 757 4886 insidiis
780 4833 866 4886 cultus
889 4833 931 4885 ilie
953 4831 1147 4898 restitueretur,
1173 4832 1342 4889 moribundos

231 4981 239 4997 ,
262 4923 428 4980 Theodoram
447 4939 506 4976 cum
524 4930 615 4978 senatu
632 4933 807 4992 sacramento,
821 4909 858 4976 ¹ne
873 4926 923 4977 tale
941 4923 1001 4992 qvid
1016 4925 1213 4992 committerent,
1231 4925 1342 4978 obstrin-

169 4993 177 5012 ⁰
263 5017 310 5069 ait.
324 5043 358 5057 -
376 5015 430 5070 Sed
446 5011 498 5067 hoc
515 5031 566 5069 non
584 5015 732 5085 impedivit,
750 5017 808 5083 qsiu
826 5015 942 5083 Monesi,
960 5015 1001 5082 qni
1020 5032 1078 5069 cunr
1097 5013 1259 5084 Theoctistm
1278 5016 1340 5069 dum

266 5107 380 5162 Michoel
396 5107 443 5161 ill
453 5105 568 5161 nondum'
585 5106 752 5169 adolevisset,
778 5107 913 5176 imperium
930 5107 1139 5176 administrabat,
1158 5109 1268 5176 primum
1286 5125 1340 5162 orn·
1358 5133 1361 5144 ·

264 5213 310 5251 nes
334 5200 504 5266 lconolstrns,
541 5197 629 5252 exules
655 5207 701 5252 aut
724 5199 751 5251 in
776 5201 877 5252 vincula
908 5197 1057 5266 conjectos,
1093 5201 1182 5268 poenis
1207 5200 1341 5278 liberaret,

265 5287 358 5343 deinde
373 5287 532 5362 iohannem,
551 5287 721 5360 patriarcham
737 5290 887 5356 Constant,
903 5291 944 5358 qsi
959 5291 1083 5356 imagines
1097 5305 1148 5342 acu
1162 5291 1268 5359 terebat,
1286 5307 1341 5345 mu-

265 5394 326 5434 nere
346 5397 393 5434 sno
410 5380 540 5451 dejiceret,
557 5391 584 5437 et
601 5379 781 5451 Methodinm,
797 5385 839 5449 qai
859 5384 892 5435 ob
911 5383 1008 5435 coitum
1020 5383 1160 5450 imaginum
1174 5384 1254 5437 multa
1266 5392 1340 5438 antea

265 5487 357 5540 passus
371 5478 441 5536 erat,
464 5471 519 5526 sedi
536 5470 597 5527 huic
614 5476 769 5544 preficeret,
794 5473 898 5528 tandem
916 5489 975 5526 sero
992 5490 1016 5526 a.
1033 5477 1086 5526 842
1103 5475 1128 5526 iu
1147 5476 1254 5527 concilio
1272 5477 1340 5528 Con-

265 5563 370 5618 stantia.
389 5563 500 5617 decretis
517 5567 616 5618 concilii
634 5572 715 5620 atet
730 5583 856 5624 summam
870 5565 1050 5620 auctoritatem
1063 5565 1252 5619 restituerem.
1276 5569 1340 5622 (ian

265 5655 351 5710 omnia
365 5651 518 5718 Theodora,
536 5655 569 5708 sd
584 5663 687 5725 tempus
702 5657 805 5725 qnidam
821 5657 915 5727 speciei
930 5673 1007 5710 eausa
1019 5659 1141 5724 renitens,
1156 5665 1244 5711 contra
1256 5675 1339 5712 sacra-

265 5747 345 5802 menti
360 5747 400 5801 ani
415 5747 564 5815 religionem
580 5751 746 5804 confirmarit.
784 5749 887 5818 ltaqre,
908 5758 937 5803 ut
958 5749 1018 5803 olim
1035 5765 1080 5818 per
1097 5737 1208 5816 lienam,
1235 5753 1272 5804 sic
1290 5750 1340 5804 boc

266 5847 380 5908 tempore
389 5855 437 5908 per
445 5837 609 5894 Theodoram
624 5842 817 5908 superstitiosus
833 5842 917 5894 cultus
928 5843 1068 5909 imaginum
1083 5843 1238 5896 constitutus
1247 5853 1296 5897 en.
1305 5869 1331 5886 -

1404 4371 1529 4440 Scripsit:

1510 4480 1533 4527 1.
1550 4477 1702 4530 breviarium
1720 4474 1834 4531 historia
1852 4494 1867 4530 a
1882 4446 2083 4536 caede'ldauritii
2094 4500 2174 4578 usqne
2189 4487 2225 4542 ad
2239 4507 2264 4542 a.
2274 4495 2327 4544 769
2342 4485 2469 4573 desinam:¹

1507 4584 1532 4633 2
1548 4579 1671 4635 adsersus
1689 4579 1870 4637 iconomachos
1889 4585 1945 4638 libri
1965 4583 2016 4649 lll;

1507 4688 1533 4736 a.
1549 4685 1676 4753 opuscula
1693 4693 1803 4751 qsatnor
1820 4688 1943 4744 adsersus
1959 4690 2150 4758 iconomachos.
2467 4651 2468 4729 i

1406 4809 1416 4824 ¹
1476 4783 1626 4842 Theodorus
1640 4787 1766 4859 Graptus,
1784 4793 1817 4846 ob
1833 4791 1988 4846 infrenatum
2004 4795 2282 4865 studiumiimaginum
2298 4801 2356 4860 (snb
2367 4789 2450 4847 leand·

1404 4883 1531 4943 Michaele
1542 4889 1565 4942 ll
1580 4897 1608 4944 et
1616 4888 1776 4963 Theophila)
1789 4893 1876 4962 tiagris
1891 4911 1990 4964 cuns,
2009 4899 2036 4952 in
2052 4916 2154 4955 carcere
2170 4901 2244 4957 diem
2258 4903 2323 4956 obiit
2338 4905 2449 4966 supremi·
2465 4895 2466 4903 ’

1405 4993 1528 5063 Scripsit:

1510 5103 1533 5152 l.
1552 5097 1585 5152 de
1602 5097 1653 5152 nde
1670 5097 1818 5157 orthodoxa
1832 5109 1921 5157 contm
1940 5103 2136 5174 iconomachos3

1508 5207 1534 5257 2.
1551 5203 1692 5272 disputatio
1710 5204 1743 5258 de
1759 5207 1898 5276 imaginum
1917 5211 2004 5273 cultus

1509 5313 1534 5362 8.
1551 5307 1659 5377 epistola
1677 5309 1710 5364 de
1728 5313 1817 5380 poenis
1835 5320 1862 5368 et
1879 5315 2028 5381 tormentis,
2047 5293 2096 5370 sibi
2114 5317 2200 5369 illatis.
