5002 6366
431 637 461 712 m
495 633 677 698 refluae
711 635 1126 718 metroposstarnm.

304 759 333 815 lu
354 763 514 816 honbordia
532 764 697 832 metropolita
714 763 900 832 Aquileiensis,
926 763 967 828 qai
990 764 1039 814 sub
1061 760 1225 830 Luitprando
1247 761 1326 814 semel

236 855 313 924 pallio
335 873 350 907 a
370 856 490 908 Romano
512 853 658 925 patriarcha
681 857 820 908 ornabatur
840 853 903 921 (sid.
923 870 982 922 pag.
1005 857 1062 920 29),
1074 853 1134 918 jura
1149 871 1196 906 sua
1211 854 1327 914 retinuit,

235 963 285 1012 uon
301 965 361 1000 vero
377 955 483 1008 tautam,
503 957 623 1016 quautam
641 948 690 1000 sub
707 947 808 998 florenti
823 951 894 998 statu
903 944 1147 1014 Longobardurum,
1167 952 1327 1015 potestatem

235 1039 343 1092 civilem.

304 1127 334 1184 lu
354 1129 498 1184 Britannia
509 1129 561 1181 bini
573 1128 824 1195 metropolitanatus,
839 1128 900 1181 olim
917 1129 1062 1197 constituti,
1077 1129 1222 1180 manebant.
1258 1125 1329 1178 cud-

235 1225 334 1289 bertus,
352 1229 462 1288 metrop.
479 1220 613 1286 cantuar,
632 1219 708 1288 longe
724 1221 840 1298 eminuit,
864 1227 891 1274 et
909 1222 991 1273 multa
1007 1221 1106 1274 clericis
1122 1221 1177 1272 suis
1193 1217 1330 1271 commoda

236 1316 268 1388 ab
284 1313 442 1366 Ethelbaldo
458 1329 520 1378 rege
537 1313 684 1380 impetrauit
703 1313 766 1376 (uid.
782 1332 808 1381 p.
825 1315 952 1378 til-³5).
974 1312 1116 1380 Egbertus,
1132 1320 1241 1380 metrop.
1260 1311 1330 1363 Eoo

236 1424 287 1460 rac.
307 1410 387 1460 irater
401 1403 543 1471 liudberti,
562 1406 630 1472 regis
648 1400 935 1469 Northaahymbrorum
955 1401 1129 1470 (7374758),
1148 1404 1330 1456 ecclesiasticae

236 1499 380 1567 discipliaae
395 1498 505 1550 multum
521 1497 658 1548 consuluit.
700 1495 729 1547 ln
746 1495 880 1564 Hispania
889 1495 984 1560 Mauri,
1000 1505 1029 1546 ut
1046 1493 1210 1548 christianam
1227 1495 1331 1560 religio-

235 1607 294 1645 nem
312 1590 464 1650 tolerabant,
478 1579 514 1640 ila
522 1588 706 1656 permittebant
716 1583 872 1656 christianis,
889 1593 918 1638 ut
927 1586 981 1639 suis
991 1587 1092 1652 legibus
1103 1595 1155 1639 tam
1166 1587 1246 1639 sacris
1257 1601 1330 1652 qvam

236 1683 355 1738 ciuilibus
370 1681 534 1734 uterentur¹.
570 1679 659 1746 Neque
675 1679 756 1746 igitur
771 1679 993 1746 metropolitarum
1011 1679 1124 1746 dignitas
1140 1679 1264 1743 abrogata
1282 1684 1330 1728 est.

305 1776 403 1828 Munus
422 1772 643 1841 metropolitarum
658 1772 808 1824 Bonifatius
829 1789 879 1838 ope
901 1770 1064 1823 carlomanni
1090 1772 1118 1822 io
1142 1769 1233 1822 Gallio
1256 1767 1331 1818 resti

237 1868 303 1933 tuit,
329 1869 405 1933 iuqse
420 1866 451 1916 iis
470 1863 617 1916 Germanica
635 1864 768 1930 partibus,
793 1879 850 1929 qsoe
866 1865 891 1916 iu
909 1863 1068 1914 Francorum
1088 1861 1212 1914 ditionem
1229 1859 1331 1924 redige·

237 1963 346 2020 bantur,
365 1954 480 2018 instituit
489 1956 513 2008 ³.
549 1955 602 2007 Hic
619 1955 686 2007 euim
703 1969 783 2021 quum
802 1969 887 2007 mores
903 1972 953 2008 non
975 1957 1060 2008 miuus
1081 1954 1232 2006 clericorum
1255 1965 1329 2017 qvam

237 2053 317 2106 totius
334 2048 422 2116 populi
439 2045 582 2106 admodum
599 2045 741 2098 dissolutos
757 2062 815 2098 esse
834 2046 949 2106 uidisset,
972 2048 1064 2112 soluit,
1087 2051 1135 2096 ”ut
1153 2043 1329 2110 metropolita-

236 2159 284 2198 uus
300 2139 449 2193 hortaretur
465 2145 567 2190 ceteros
585 2143 613 2189 et
631 2137 825 2192 admoneret.et
841 2137 1021 2205 investigaret,
1040 2138 1096 2204 quis
1114 2143 1182 2188 esset
1201 2135 1268 2206 iuter
1283 2149 1328 2194 eos

235 2235 354 2290 comosus
369 2231 403 2283 'de
419 2231 503 2282 salute
519 2228 618 2296 populi,
643 2227 749 2293 qsisqve
766 2227 901 2294 negligens
916 2244 1005 2282 servus
1020 2229 1123 2290 Dei”³;
1149 2226 1217 2292 qvod
1241 2231 1328 2278 autem

137 2307 140 2314 ’
235 2343 315 2382 coeca
330 2325 428 2376 rituum
446 2321 571 2372 Romanu
587 2319 704 2370 ecclesiae
724 2318 893 2372 admiratione
912 2325 1004 2386 eaptus
1019 2327 1084 2386 erat,
1101 2335 1151 2372 noa
1168 2319 1252 2370 solam
1268 2333 1329 2383 ope·

236 2436 290 2472 ram
307 2415 396 2481 dedit,
418 2419 448 2464 ut
471 2411 556 2464 ubiuis
578 2411 694 2463 locorum
718 2411 810 2464 eadem
832 2412 918 2462 cultus
941 2409 1021 2462 divini
1037 2411 1119 2462 forma
1138 2411 1329 2474 institueretur,

236 2508 283 2562 sed
300 2509 378 2560 etiam
397 2505 489 2571 voluit,
504 2509 534 2555 ut
552 2519 630 2571 peaes
649 2502 718 2554 solos
737 2503 916 2570 metropolitas
932 2509 1047 2568 potestas
1057 2507 1135 2568 esset,
1151 2499 1220 2553 hunc
1233 2500 1265 2552 ad
1275 2500 1329 2551 Ro·

237 2617 320 2654 mauae
337 2596 454 2650 ecclesiae
471 2595 604 2662 exemplar
619 2592 796 2648 constituendi
806 2597 829 2645 ⁴.
869 2594 999 2645 Praeterea
1019 2593 1163 2658 coustituit,
1181 2600 1212 2646 ut
1229 2591 1329 2659 episco-

238 2693 275 2760 pi,
295 2691 334 2742 ”si
351 2688 411 2756 qvid
428 2688 453 2739 iu
470 2703 517 2738 sua
539 2685 651 2738 dioecesi
674 2685 810 2751 corrigere.
827 2685 867 2737 vel
889 2683 1042 2738 emendare”
1065 2701 1114 2736 non
1137 2690 1258 2752 possent,
1279 2679 1331 2734 hoc

236 2781 409 2849 metropolitae
427 2779 453 2830 in
471 2771 579 2844 synodis
597 2775 749 2844 indicarent,
767 2778 823 2845 ipse
839 2785 926 2830 autem
942 2777 1117 2845 metropolita,
1133 2776 1154 2828 si
1170 2775 1253 2828 similo
1270 2771 1330 2840 quid

236 2875 260 2926 ei
279 2871 424 2935 accideret,
450 2869 575 2920 Romanae
590 2867 645 2920 sedi
663 2865 713 2920 hoc
729 2866 780 2920 ”ad
797 2869 988 2922 emendandum
1009 2869 1161 2930 indicaret”,
1178 2867 1332 2932 omnino‘qre

238 2964 338 3028 docuit,
355 2959 580 3029 metropolitarum
596 2975 662 3026 esse,
678 2959 773 3012 ”fidem
791 2959 946 3014 catholicam
963 2967 990 3013 et
1006 2961 1131 3014 unitatem
1148 2967 1174 3012 et
1192 2958 1331 3024 subjectio·
1367 2965 1371 2982 ¹

236 3073 296 3111 netu
313 3055 438 3106 &manae
456 3051 571 3103 ecclesia
587 3053 637 3104 tine
653 3057 729 3104 tenus
744 3053 803 3105 vitus
818 3069 873 3104 suae
888 3054 953 3105 velle
970 3053 1071 3105 servare
1087 3059 1177 3104 sancto
1193 3050 1283 3118 Petro,
1304 3055 1331 3101 et

238 3147 333 3202 sicario
352 3145 408 3210 ejus
429 3142 493 3195 velle
514 3141 607 3208 subjici
632 3147 659 3195 et
684 3143 761 3210 pallia
786 3145 818 3196 ab
840 3145 889 3196 ista
913 3143 976 3196 sede
996 3161 1110 3211 quaerere
1126 3143 1179 3212 (ep.
1195 3141 1282 3194 Bonis.
1298 3137 1331 3192 ad

238 3237 391 3305 Cudbert.);
423 3231 469 3286 sed
492 3247 573 3299 supra
596 3234 750 3287 tradidimus
778 3233 842 3299 (vid.
866 3251 924 3303 pag.
942 3235 1008 3302 29),
1032 3235 1147 3288 Francos
1172 3233 1222 3286 ltoo
1247 3234 1332 3285 minus

239 3339 359 3406 prompte
374 3328 477 3381 iecisse.
513 3325 629 3391 Denique
654 3327 686 3379 ad
708 3326 808 3392 iudicia
831 3328 1053 3395 metropolitarum
1078 3329 1134 3395 ipse
1157 3325 1288 3394 populus,
1310 3322 1333 3375 sl

236 3441 312 3492 quam
328 3420 447 3488 injuriam
464 3431 555 3485 passus
572 3422 650 3483 esset,
666 3413 805 3484 procubare
823 3419 907 3485 potuit
927 3420 1014 3486 (coac.
1029 3421 1161 3472 Suessiou.
1177 3435 1200 3471 c.
1210 3421 1242 3478 δι
1258 3431 1331 3468 coac.

236 3512 407 3578 Vesuuii).
444 3509 509 3562 Quas
528 3510 614 3561 omnia
632 3524 707 3575 qvam
725 3509 821 3562 luerint
838 3510 980 3578 discipliuae
995 3511 1185 3575 ecclesiasticae,
1210 3515 1286 3560 antea
1304 3509 1331 3559 iu

238 3606 323 3658 Gallia
341 3602 471 3668 collapsa,
489 3599 622 3662 salutaris,
637 3599 712 3651 facile
730 3600 892 3666 intelligitur.
928 3601 1016 3666 Neque
1027 3601 1081 3652 fieri
1092 3601 1187 3668 potuit,
1206 3595 1331 3665 qvinltaec

238 3698 306 3750 ratio
334 3691 557 3759 metropolitarum
580 3691 617 3741 rei
642 3691 708 3742 ciuili
735 3691 845 3743 multum
869 3691 988 3744 utilitatis
1009 3691 1121 3746 afferret.
1157 3691 1330 3744 Quamobrem

238 3789 426 3843 carlomannus
441 3783 495 3848 jam
515 3799 538 3834 a.
561 3785 613 3834 742
638 3790 666 3834 et
688 3783 850 3836 Bonisacium
878 3781 1101 3852 arehiepiscopum
1126 3785 1278 3850 constituit,
1304 3789 1331 3835 et

238 3878 384 3947 ’'synodum
404 3891 450 3944 per
467 3889 548 3926 annos
565 3873 682 3940 singulos
699 3877 870 3964 cqngregari’
889 3877 984 3944 jussit,
1008 3877 1118 3945 Pipiuus
1135 3882 1221 3928 autem
1239 3893 1261 3927 a.
1280 3879 1332 3927 755

238 3975 264 4026 iu
279 3969 380 4037 syuodo
398 3965 522 4019 Vernausi
542 3983 564 4018 c.
580 3968 597 4016 4
613 3965 707 4029 sanauit,
727 3971 773 4018 ”ut
789 3967 905 4033 synodus
922 3969 961 4020 bis
978 3970 1114 4038 quotannis
1128 3967 1253 4020 Kalendis
1263 3967 1332 4019 lilar-

237 4065 280 4116 tiis
295 4069 322 4115 et
338 4059 470 4125 Octobris,
485 4057 630 4123 ubicunque
646 4057 694 4123 ipsi
712 4057 861 4124 placuisset,
871 4077 899 4112 se
912 4069 1039 4128 prasente
1050 4057 1216 4122 haberetur”,
1235 4066 1330 4111 metro·

239 4153 325 4223 politis
343 4153 449 4203 clericos
465 4149 623 4202 convocandi
639 4154 770 4214 potestate
794 4149 884 4201 relicta
907 4152 942 4216 (c.
965 4151 1009 4218 4);
1030 4157 1057 4204 et
1075 4151 1130 4216 jam
1148 4147 1252 4203 biennio
1271 4155 1331 4202 aute

240 4249 412 4314 praeceperat,
436 4249 464 4292 ut
482 4239 678 4294 archidiaconus
695 4243 811 4310 episcopi
829 4258 887 4294 eum
913 4243 1007 4294 comite
1027 4243 1159 4295 interiores
1175 4243 1281 4294 clericos
1297 4239 1330 4293 ad

238 4335 419 4389 celebrandum
438 4332 564 4398 synodum
582 4341 702 4398 cogeret,
728 4334 803 4400 cujus
826 4334 903 4386 dictis
926 4334 947 4385 si
974 4332 1000 4384 lii
1022 4349 1073 4386 ιιοιι
1095 4340 1232 4402 parerent,
1257 4349 1331 4384 sexa-

238 4428 311 4494 ginta
330 4423 426 4476 solidos
445 4431 673 4490 ”componerent”,
700 4425 722 4476 si
746 4431 833 4477 autem
858 4425 947 4490 aliquis
971 4427 1149 4492 presbyterum
1173 4421 1330 4490 prohiberet,

238 4535 288 4584 qvo
305 4518 389 4568 miuus
404 4515 519 4581 reniret,
542 4511 672 4595 hicpegis
692 4517 773 4585 ipsius
787 4517 889 4583 judicio
908 4517 1043 4586 puniretur
1059 4517 1143 4583 (cone.
1161 4517 1289 4570 Menteas.
1306 4533 1329 4568 a.

237 4615 297 4677 753,
317 4627 340 4661 ι.
359 4610 396 4674 4).

308 4701 397 4766 neqve
427 4699 561 4766 pontifices
587 4700 697 4755 Romani
720 4699 761 4756 his
781 4703 909 4756 bonifacii
932 4703 1063 4756 laboribus
1087 4719 1138 4756 non
1166 4701 1328 4754 laetabantur.

237 4797 293 4848 Jam
311 4786 456 4858 Gregorius
472 4789 507 4842 lll
537 4807 595 4844 eum
619 4791 843 4861 archiepiscopum
859 4775 1039 4860 'createrat'ss
1061 4801 1088 4846 et
1106 4792 1246 4846 Zacharias
1269 4807 1328 4844 curu

237 4885 306 4940 sedis
325 4875 475 4953 apostolicae‘
491 4883 604 4950 legatum
621 4893 647 4936 et
667 4886 788 4937 sicarium
807 4887 959 4938 salutat-12⁰.
1002 4884 1073 4937 ldem
1085 4901 1153 4952 uero,
1172 4885 1328 4950 arrogantia,

238 4977 325 5041 credo,
341 4977 423 5043 ipsius
440 4973 566 5026 Bonilacii
583 4984 739 5040 commotus,
756 4983 785 5028 ut
809 4974 967 5044 prohiberet,
988 4993 1020 5028 ne
1036 4976 1216 5042 metropolitae,
1235 4975 1329 5042 spretis

238 5069 377 5136 episcopis,
396 5067 528 5134 quicquam
547 5068 680 5120 arbitraris
696 5067 885 5126 constituerent
901 5075 945 5120 aut
964 5075 1080 5134 agerent,
1107 5069 1132 5119 iu
1151 5084 1192 5135 ep.
1209 5067 1241 5118 ad
1257 5066 1328 5134 Pipl-

239 5175 300 5210 num
318 5158 414 5222 edixpt:
440 5165 506 5210 ”nec
522 5159 737 5224 metropolitauus
754 5159 848 5224 aliquid
864 5165 938 5226 gerat
961 5159 1017 5210 sine
1042 5165 1187 5211 ceterorum
1209 5157 1329 5212 sacerdo-

238 5261 293 5302 tum
312 5248 447 5316 consiliu’,
466 5255 508 5301 et:
526 5257 590 5302 ”nec
603 5257 703 5317 prator
720 5249 833 5300 omnium
851 5249 1036 5302 consapientium
1053 5251 1131 5303 saciat
1147 5251 1268 5318 aliquid”.

308 5341 371 5395 Quae
388 5355 468 5405 qaum
485 5341 521 5391 ita
540 5340 683 5403 laetasint,
701 5340 766 5390 ratio
782 5342 973 5408 metropolitani
992 5342 1258 5410 munerissatisaeqva
1275 5341 1327 5395 dici

239 5433 325 5486 debet.
370 5431 459 5496 Neque
476 5439 561 5483 tamen
580 5429 630 5484 hoc
647 5431 694 5484 soli
711 5431 799 5484 studio
815 5429 962 5494 Zachariae,
987 5432 1082 5486 nedum
1103 5434 1255 5498 arrogantiae
1275 5432 1326 5485 Bo-

237 5524 320 5576 nil'acii
338 5521 456 5574 debetur.
498 5525 562 5577 ttvao
586 5524 655 5576 enaim
676 5528 750 5576 erant
773 5525 854 5575 totius
879 5525 944 5576 sacri
973 5525 1070 5576 ordinis
1095 5526 1206 5577 rationes
1230 5526 1327 5591 civiles,

236 5615 350 5684 episcopi
368 5613 493 5666 mistorum
512 5615 612 5667 urbium
633 5617 657 5667 iu
677 5617 784 5684 synodis
802 5633 872 5683 aeque
889 5616 998 5668 multum
1017 5624 1143 5682 poterant,
1159 5633 1189 5667 ac
1201 5619 1251 5669 toti
1267 5635 1325 5687 pro-

237 5707 326 5758 vinciae
342 5707 473 5773 praepositi
491 5709 681 5776 metropolitae,
710 5708 778 5762 uude
800 5709 906 5762 nimium
925 5709 1062 5776 potestatis
1084 5705 1123 5760 bis
1146 5709 1254 5762 conicrri
1278 5727 1324 5764 nec

236 5799 326 5854 debuit
342 5813 390 5852 uec
408 5801 501 5866 potuit.

1610 451 1777 538 Q.r-i
1829 474 1844 520 s
1936 471 1956 517 e
2010 471 2024 516 s
2080 471 2095 516 s
2149 472 2168 516 e
2220 459 2235 516 t
2321 473 2335 520 ι
2384 430 2457 522 ιἰ

1622 629 1879 709 d)ratioae
1913 629 2250 709 episcoporum.

1458 762 1481 810 1.
1501 757 1651 810 Borriiacius
1667 772 1743 809 snum
1759 758 1850 823 cuique
1865 758 1962 810 civitati
1981 757 2133 824 episcopum
2156 755 2310 822 praefecit'3
2336 755 2459 828 iisdeuqre

1389 829 1497 898 pristina
1514 825 1592 892 liujus
1609 827 1723 880 muneris
1744 827 1804 891 jura
1827 829 1926 882 tribuit.
1968 829 2032 880 Quae
2055 826 2135 890 igitur
2159 825 2254 892 passim
2271 824 2302 878 de
2321 824 2360 880 his
2377 833 2460 884 sancita

1388 905 1459 965 suut,
1480 899 1570 965 paucis
1589 898 1727 964 complecti
1740 897 1824 962 jauat.
1861 899 1950 964 ltaque
1966 895 1999 948 ad
2016 911 2110 948 munus
2128 895 2244 962 episcopi
2262 897 2410 950 referebatur

1461 1017 1484 1054 n.
1501 1000 1545 1066 lus
1563 1000 1729 1068 presbyteros
1746 1007 1774 1051 et
1790 999 1913 1054 diaconos
1928 999 2072 1052 ordinandi
2082 999 2113 1060 ⁸3

1461 1106 1487 1159 b.
1501 1106 1546 1171 jus
1564 1102 1696 1156 dioecesin
1713 1117 1786 1152 suam
1802 1103 1948 1170 regendi⁹,
1970 1109 1999 1154 ut
2016 1102 2113 1163 omnia,
2131 1117 2186 1167 qvae
2202 1102 2241 1154 rel
2257 1100 2289 1155 ad
2300 1093 2417 1169 ¹dogmata
2430 1107 2461 1158 sel

1503 1173 1540 1226 ad·
1553 1174 1638 1226 cultus
1663 1171 1759 1237 publici
1780 1173 1921 1238 rationem,
1949 1173 1987 1224 vel
2009 1170 2042 1222 ad
2065 1186 2150 1222 mores
2175 1172 2324 1225 clericorum
2344 1179 2369 1225 et
2388 1189 2459 1228 mous

1506 1241 1614 1296 chorum
1630 1241 1796 1308 pertinerent,
1807 1241 2073 1306 ”cognoscerent”¹⁰,
2084 1241 2245 1307 cognitisque
2255 1242 2387 1304 erroribus,
2404 1259 2461 1296 meu·

1506 1312 1546 1364 dis
1565 1319 1591 1364 et
1611 1309 1712 1362 delictis
1726 1311 1825 1376 justam
1850 1327 1959 1376 poenam
1983 1325 2016 1362 ex
2043 1325 2170 1361 carrouum
2193 1312 2345 1364 alletoritate
2364 1313 2461 1379 impone·

1505 1383 1613 1434 rent¹¹.
1655 1381 1720 1433 ltuae
1740 1380 1874 1432 omniunt
1897 1381 2036 1446 episcopus
2058 1379 2158 1430 facilius
2179 1380 2329 1446 detegeret,
2349 1379 2461 1433 dioecesin

1506 1467 1580 1503 suam
1599 1448 1719 1522 pisitandi
1735 1465 1813 1500 causa
1828 1465 1966 1516 peragrare
1982 1447 2122 1509 debuit¹²,
2151 1455 2186 1508 et,
2211 1449 2233 1500 si
2249 1449 2347 1514 qvando
2363 1467 2461 1502 necesss-

1505 1519 1572 1571 rium
1588 1519 1637 1586 ipsi
1656 1515 1796 1583 uideretur,
1821 1520 1997 1586 presbyteros,
2020 1525 2048 1568 at
2065 1533 2151 1568 curam
2171 1516 2272 1582 judicio
2288 1535 2334 1570 suo
2349 1535 2460 1586 compare·

1506 1595 1573 1651 rent,
1599 1588 1726 1651 citare¹⁸,
1743 1586 1824 1652 ,semel
1841 1587 1949 1654 deniqne
1967 1588 2112 1654 quotannis,
2133 1587 2159 1636 ln
2177 1588 2377 1654 quadragesima,
2395 1595 2461 1640 totam

1503 1660 1583 1709 vitam
1600 1658 1809 1723 presbyterorum
1832 1659 1950 1710 examine
1968 1658 2088 1710 instituto
2104 1656 2294 1722 explorare¹⁴3
2319 1673 2373 1724 qra
2388 1665 2460 1710 auten

1507 1727 1533 1778 iu
1553 1725 1751 1794 provincialibus
1769 1725 1876 1790 synodis
1893 1729 1992 1780 sancita
2010 1731 2112 1785 essem,
2135 1725 2234 1778 clericis
2259 1728 2313 1778 suis
2335 1726 2460 1780 tradera¹⁵.

1460 1825 1545 1896 c)'jus
1560 1826 1679 1882 homines
1695 1829 1842 1910 baptizatos
1865 1827 2042 1896 confirmanus
2062 1835 2089 1882 οι
2112 1829 2268 1897 mm,
2293 1845 2348 1897 qm
2370 1831 2400 1882 ob
2422 1827 2461 1882 hoe

1507 1900 1660 1963 solveretur,
1677 1899 1822 1965 accipiendi
1834 1901 1873 1962 ¹⁶5

1456 1999 1489 2066 d)
1503 2001 1548 2064 jus
1564 2015 1666 2068 cerasus,
1686 1999 1800 2054 decimas
1819 2010 1845 2055 et
1864 2021 1944 2057 nonas
1963 2007 1995 2056 ab
2013 2002 2171 2068 hominibus,
2198 2004 2240 2070 qvi
2259 2003 2416 2058 eeclesiarum
2429 2016 2460 2054 res

1506 2071 1602 2121 locatas
1620 2073 1750 2137 tenebant,
1769 2073 1911 2140 aecipiendi
1928 2074 2017 2142 (capit.
2034 2073 2098 2124 Met.
2115 2070 2148 2122 ad
2167 2087 2206 2123 an.
2225 2077 2286 2140 757,
2303 2073 2376 2140 capit.
2393 2069 2440 2136 Ν.)

1458 2173 1484 2238 e)
1502 2173 1616 2225 officium
1636 2173 1798 2240 providendi,
1817 2183 1847 2227 ut
1861 2173 1931 2228 aedes
1946 2191 2027 2229 sacrae
2042 2193 2090 2244 per
2106 2173 2155 2230 hos
2175 2183 2221 2230 aut
2241 2193 2287 2245 per
2308 2192 2336 2230 sa
2351 2176 2416 2242 ipsos
2430 2189 2460 2228 re·

1501 2249 1679 2294 staurarentur
1691 2247 1729 2300 ξ’.

1457 2349 1483 2396 2.
1502 2345 1576 2398 Hauc
1593 2351 1748 2414 potestatem
1764 2345 1879 2413 episcopi
1899 2353 1928 2398 ut
1944 2346 2071 2414 integram
2090 2349 2138 2400 sibi
2156 2349 2317 2402 uindicarent
2335 2355 2375 2413 et,
2395 2347 2461 2414 quoad

1389 2415 1470 2481 licuit,
1492 2415 1638 2478 dilatarent,
1657 2431 1784 2467 summam
1802 2431 1908 2482 operam
1925 2416 2029 2470 dabant.
2073 2417 2118 2470 Sic
2135 2417 2189 2483 jam
2208 2435 2231 2470 a.
2251 2423 2304 2471 742
2319 2418 2397 2482 legem
2411 2417 2461 2468 lere

1388 2485 1452 2536 bant
1467 2485 1493 2535 in
1509 2485 1617 2536 clericos
1640 2491 1762 2549 adgentes
1783 2483 1869 2549 (coac.
1891 2487 1982 2538 Genu.
2003 2486 2025 2552 l,
2043 2503 2066 2539 c.
2090 2487 2175 2552 4)¹⁸;
2202 2496 2263 2554 post
2284 2488 2372 2540 decem
2391 2491 2459 2537 auten

1389 2569 1470 2607 anuos
1488 2550 1559 2606 bunc
1576 2570 1702 2608 canonem
1719 2556 1884 2608 sanciebautz
1908 2561 1955 2628 ss‘ut
1969 2557 2002 2608 ab
2017 2556 2148 2624 episcopis
2168 2558 2360 2610 ambulantibus
2375 2570 2416 2623 per
2428 2569 2460 2620 pr·

1391 2625 1453 2675 trias
1470 2623 1598 2676 ordinatio
1617 2626 1829 2690 presbyterorum
1846 2640 1896 2676 noa
1913 2625 1975 2676 fiat'’
1992 2625 2079 2690 (conc.
2101 2625 2274 2680 Vermerieus.
2293 2644 2317 2678 c.
2336 2628 2387 2689 14),
2407 2620 2459 2688 quod

1390 2693 1492 2743 biennio
1513 2697 1572 2758 post
1588 2691 1622 2743 ad
1638 2693 1734 2760 reliqua
1756 2694 1872 2761 episcopi
1895 2695 2035 2746 ministeria
2057 2693 2233 2748 extendebant
2254 2695 2341 2762 (coac.
2363 2693 2459 2746 Varus.

1392 2761 1444 2826 lu).
1482 2759 1583 2812 Quibus
1600 2763 1701 2827 legibus
1717 2777 1791 2814 suam
1806 2763 1912 2828 quisque
1928 2769 2085 2830 potestatem
2104 2763 2227 2816 adversas
2252 2765 2361 2831 reliquos
2380 2763 2459 2830 episoo

1390 2847 1438 2898 pos
1454 2831 1520 2883 tueri
1536 2831 1625 2884 voluit.
1661 2831 1738 2884 Qvod
1755 2847 1815 2884 sero
1831 2831 1864 2884 ad
1882 2833 2035 2884 interiorum
2048 2832 2168 2886 ordinum
2185 2835 2294 2887 clericos
2314 2827 2459 2894 attinentes

1389 2899 1572 2967 ”localitatis”,
1589 2916 1644 2965 qvae
1660 2901 1767 2952 barbare
1784 2899 1888 2968 dicitur,
1906 2901 1992 2953 cilicio
2008 2901 2091 2970 glebae
2107 2901 2306 2972 adscripserunt
2317 2905 2355 2957 ¹⁹.

1459 3007 1485 3056 ³.
1505 3001 1612 3056 Vicibus
1627 3005 1810 3072 episcoporum
1828 2999 2001 3054 archidiaconi
2017 3003 2206 3070 iungebantur,
2228 3021 2336 3072 quorum
2352 3005 2377 3058 in
2391 3003 2458 3067 singu·

1391 3071 1423 3123 lis
1439 3071 1602 3124 dioecesibus
1617 3071 1762 3123 Germania
1779 3072 1866 3138 plures
1881 3071 1962 3122 fuisso
1978 3087 2029 3123 noa
2047 3071 2175 3135 videatur,
2192 3073 2241 3126 sed
2261 3081 2360 3127 tantum
2370 3085 2458 3134 uuuqa

1390 3140 1470 3192 latere
1485 3139 1600 3208 episcopi
1616 3157 1666 3192 non
1684 3141 1740 3193 sine
1754 3141 1824 3206 regis
1840 3139 1973 3192 voluntate
1991 3141 2198 3194 constitutus¹⁰.
2237 3143 2288 3196 Hic
2306 3145 2459 3195 autemnon

1390 3217 1417 3262 et
1433 3211 1560 3275 dignitate
1576 3217 1602 3260 et
1621 3212 1776 3262 auctoritate
1794 3207 1928 3277 praeditus,
1945 3225 2051 3263 munere
2073 3227 2121 3264 sno
2142 3208 2213 3264 haud
2233 3229 2293 3266 raro
2307 3213 2371 3264 male
2387 3211 2459 3272 tange

1391 3280 1475 3331 batur.
1518 3277 1596 3332 Quod
1612 3281 1675 3332 satis
1693 3286 1765 3346 patet
1781 3295 1814 3330 ex
1836 3279 1970 3346 capitular.
1995 3281 2028 3334 ad
2055 3296 2150 3332 aunum
2174 3283 2228 3332 ill
2249 3283 2375 3350 capitiis
2395 3287 2459 3344 ”pm

1391 3347 1494 3401 videant
1509 3348 1642 3416 episcopi,
1669 3365 1701 3400 ne
1716 3347 1850 3416 cupiditas
1863 3345 2102 3402 archidiaconorum
2117 3366 2225 3402 snorum
2247 3354 2336 3418 culpas
2356 3347 2458 3402 nomam

1460 3454 1485 3502 4.
1502 3451 1637 3519 Superbia
1654 3458 1682 3504 et
1700 3451 1853 3518 tyrannidis,
1876 3469 1952 3519 quam
1970 3455 2084 3521 episcopi
2101 3455 2126 3506 in
2143 3456 2311 3522 presbyteros
2329 3467 2386 3504 suos
2400 3459 2457 3500 eser·

1391 3535 1450 3571 cere
1466 3521 1583 3572 solebant
1604 3520 1676 3588 plura
1694 3523 1811 3588 esempls
1829 3523 1904 3574 uobis
1922 3539 1950 3574 se
1966 3523 2088 3576 otl'eruut.
2113 3523 2163 3575 Est
2179 3529 2267 3575 umen
2285 3523 2350 3573 bene
2364 3513 2457 3570 animai·

1391 3588 1551 3651 aeneadum,
1572 3591 1735 3642 ferocitatem
1756 3605 1857 3643 morum
1875 3593 2085 3660 presbyterorum
2102 3593 2219 3644 comitati
2238 3599 2266 3644 et
2282 3589 2377 3642 lenitati
2391 3587 2458 3639 locun

1390 3654 1461 3709 baud
1479 3659 1629 3725 praebuisse.
1664 3660 1775 3726 AEquius
1789 3661 1870 3726 igitur
1888 3661 1996 3714 lemarus
2011 3663 2218 3716 statutrtmillud
2241 3657 2371 3716 Zacharia
2390 3668 2458 3723 pape:

1391 3727 1658 3864 itsltf‘flti
1673 3731 2144 3867 {stuttttttt‘ttts'ltt
2159 3728 2458 3865 {illinitus

1390 3881 1446 3918 eam
1465 3868 1604 3920 vanitatem
1626 3869 1823 3936 episcoporum,
1843 3837 1902 3933 qva,
1916 3871 2038 3920 commoti
2052 3836 2253 3937 'praeceperatis
2278 3875 2345 3918 ”non
2367 3857 2458 3915 licetit

1391 3935 1443 3987 ullo
1465 3934 1554 3998 altari,
1579 3937 1623 3989 ubi
1645 3939 1785 4006 episcopus
1804 3937 1912 3990 Missam
1934 3937 2048 4003 dixerit,
2071 3946 2102 3990 ut
2119 3945 2209 4006 postea
2225 3939 2271 3990 illo
2286 3935 2328 3988 die
2345 3932 2457 4002 presbytes

1390 4005 1497 4056 Missam
1517 4004 1604 4058 dieat’‘
1620 4007 1723 4072 (statut.
1743 4007 1860 4058 Boaiiac.
1877 4009 1940 4073 23),
1964 4013 2009 4058 aut
2028 4009 2196 4058 necessariam
2218 4009 2300 4060 inisse
2318 4005 2389 4056 talem
2408 4011 2455 4052 cot·

1391 4075 1442 4126 cilii
1461 4072 1581 4129 Cluvesh.
1603 4075 1627 4126 ll
1652 4075 1868 4128 admonitionem:
1894 4077 1948 4127 ”ita
1971 4082 2057 4127 tamen
2084 4075 2131 4142 [sc.
2149 4077 2266 4143 episcopi
2289 4073 2404 4140 regimine
2420 4079 2456 4118 suo

1391 4143 1522 4209 utantur],
1545 4151 1574 4195 ut
1591 4143 1701 4196 familias
1717 4162 1777 4197 suas
1795 4146 1958 4196 meminerint
1980 4144 2059 4210 digna
2080 4147 2105 4196 in
2128 4145 2240 4197 Domino
2263 4143 2368 4207 diligere
2382 4145 2405 4192 et
2417 4147 2455 4186 ποῦ

1389 4214 1418 4264 in
1434 4213 1490 4264 uice
1508 4230 1638 4266 semorum
1653 4215 1700 4268 sed
1727 4217 1753 4266 in
1771 4217 1827 4267 sice
1845 4215 1955 4270 liliorum
1974 4212 2087 4267 haberer
2102 4215 2138 4280 (c.
2159 4217 2198 4280 4).
2234 4212 2327 4268 Qsid'l
2350 4205 2410 4276 quod
2424 4219 2455 4254 ta·

1391 4282 1523 4349 putaturus
1542 4299 1599 4335 esse
1617 4285 1724 4336 clericos
1743 4283 1903 4350 sanxieruat,
1922 4284 1964 4352 qvi
1981 4283 2014 4336 de
2030 4283 2154 4354 episcopo
2172 4299 2221 4336 suo
2238 4298 2325 4337 coram
2340 4293 2395 4346 rege
2410 4287 2454 4340 qil·

1390 4359 1508 4404 rereutur
1522 4351 1606 4417 (conc.
1624 4354 1735 4405 ltlatens.
1752 4370 1775 4404 c.
1791 4352 1828 4419 8).

1458 4459 1484 4506 5.
1502 4455 1588 4506 Etiam
1607 4439 1657 4506 boo
1676 4471 1730 4507 mro
1748 4457 1862 4526 episcopi
1881 4474 1944 4526 opes
1964 4458 2139 4524 ecclesiarum,
2154 4459 2248 4524 qvibus
2267 4443 2454 4526 potemntaodis

1390 4525 1518 4590 omnibns,
1544 4553 1577 4564 -
1602 4541 1625 4576 v.
1647 4541 1670 4578 c.
1696 4520 1746 4578 hoc
1774 4535 1920 4594 praecepto:
1944 4529 2104 4593 ”presbyteri
2129 4535 2189 4596 post
2212 4527 2454 4596 ordinationeque

1389 4595 1551 4660 paupertatis
1572 4594 1668 4662 praedia
1693 4606 1887 4662 comparantes,
1911 4602 2065 4649 testamenta
2089 4599 2206 4650 ecclesiis
2233 4597 2388 4650 confirment.
2419 4585 2453 4634 Sn

1389 4665 1463 4716 aliter
1480 4670 1508 4718 ut
1525 4663 1687 4719 fraudatores
1706 4671 1858 4718 tenemium
1873 4666 1990 4733 (capitul.
2010 4665 2043 4718 ad
2061 4683 2119 4720 aon.
2136 4670 2197 4733 744,
2213 4667 2292 4733 capit.
2308 4662 2362 4726 Xl).
2377 4665 2454 4728 -2113

1389 4734 1502 4800 gabant,
1527 4741 1664 4800 auctasque
1682 4750 1730 4802 pro
1753 4736 1859 4788 arbitrio
1886 4753 1934 4786 suu
1961 4734 2158 4801 profundebant.
2201 4735 2256 4788 Sed
2279 4735 2360 4786 uriuus
2379 4729 2452 4777 lactan

1391 4810 1519 4869 poterant,
1538 4803 1606 4870 qvod
1625 4811 1651 4854 et
1669 4805 1710 4872 pia
1727 4801 1860 4855 hominum
1878 4805 1903 4855 ln
1923 4803 1992 4855 mdes
2008 4819 2093 4856 sacras
2112 4805 2252 4857 liberalitas
2270 4803 2349 4854 rarior
2364 4799 2419 4856 erlis
2434 4793 2453 4840 ⁰¹

1389 4873 1500 4940 direptio
1516 4874 1642 4924 bonorum
1660 4875 1827 4926 ecelesiarum
1850 4889 1897 4941 per
1916 4875 1984 4925 uiros
2006 4881 2125 4940 potentes
2143 4873 2318 4940 frequentior,
2341 4873 2367 4920 et
2380 4865 2452 4916 contu·

1342 4969 1344 4974 ·
1388 4944 1470 4996 maela
1485 4944 1601 5008 ipsorum
1618 4944 1845 5010 presbyterorum,
1866 4943 1958 5010 quibus
1977 4943 2046 4996 ticos
2064 4952 2156 5012 cetqve
2172 4946 2326 5006 locaverant,
2344 4931 2452 4990 audacior·

1455 5049 1481 5098 b.
1497 5045 1610 5098 Omnino
1626 5047 1683 5097 istae
1700 5046 1801 5112 injuriae
1823 5045 2006 5114 episcoporum
2027 5047 2156 5100 restitutis
2174 5046 2278 5114 juribus
2299 5033 2450 5106 metropolita·

1388 5131 1445 5170 rum
1460 5115 1589 5183 aliqrauto
1608 5113 1745 5184 prohibitae
1762 5116 1801 5168 uel
1817 5117 1908 5170 saltem
1925 5116 2039 5170 retrictae
2056 5123 2126 5169 suut.
