5002 6366
391 433 552 504 Potentia
576 431 727 502 Romani
749 433 908 504 antistitis
930 435 1038 528 louge
1063 433 1176 504 minor
1207 435 1243 505 in
1264 437 1435 530 Hispania
1463 437 1557 510 l'sota
1590 451 1643 509 est
1673 460 1774 531 qvam
1800 443 1835 510 in
1861 441 2047 520 Britannia.
2101 437 2210 534 cujus
2238 442 2286 508 rei
2312 461 2412 512 causa
2438 445 2465 514 iu

241 565 438 636 diuersitate
463 568 638 657 utriusque
658 575 758 638 terrae
787 589 884 638 sacra
915 577 949 638 et
976 569 1068 638 civili
1094 571 1286 659 quarendus
1315 582 1402 642 suut.
1446 571 1545 641 Ordo
1578 595 1675 642 sacer
1699 573 1978 668 visigothorum,
2017 593 2136 666 regem
2168 576 2462 666 potentissimomm

241 697 361 767 lavore
382 703 559 792 goarisus,
585 701 706 770 aliene
729 704 894 791 potentia·
908 703 1089 793 impatiens
1108 711 1188 772 erat
1225 703 1351 772 Clerici
1371 704 1557 774 Britannias
1577 706 1697 777 insulse
1717 709 1752 776 iu
1774 706 1896 778 mediis
1917 707 2105 800 gentilibus
2123 707 2268 799 populis
2286 725 2325 775 ao
2345 709 2466 799 regibus

241 830 429 923 degentes,
463 835 575 902 aliena
601 834 803 902 auctoritate
825 833 1038 926 indigebant
1081 834 1198 926 Reges
1221 835 1502 928 visigothorum,
1528 838 1585 927 qvi
1611 839 1678 932 ipsi
1704 839 1922 912 orthodoxioe
1946 841 2115 909 Romanae
2142 861 2208 930 per
2232 842 2344 908 secula
2367 841 2464 908 iniecti

240 960 391 1049 fuerant,
425 965 517 1035 hanc
543 968 681 1058 quidem
708 989 736 1034 a.
758 965 850 1057 589,
876 978 914 1036 ut
939 991 1078 1037 snorum
1103 969 1251 1062 gratiam
1280 969 1419 1057 inirent,
1457 969 1698 1058 admiserunt,
1717 973 1794 1060 sed,
1830 995 1970 1042 suorum
2000 973 2188 1042 antistitum
2215 973 2464 1042 dominationem

1817 1153 2467 1223 Hierarchia

1983 1307 2182 1388 qvalls
2226 1309 2467 1370 essetis

339 1423 426 1478 Multa
444 1441 492 1494 per
506 1423 558 1480 boc
576 1443 659 1482 ιιιιιιιι
678 1428 864 1496 occurrebant,
881 1443 938 1498 qre
955 1427 1196 1494 anglo-Saxonum
1214 1442 1295 1495 regua
1309 1427 1435 1482 nomene
1453 1422 1604 1480 hierarchiae
1621 1424 1802 1493 subjiciebant.
1838 1424 1867 1478 ln
1885 1421 1926 1477 his
1944 1431 2032 1477 autem
2050 1423 2076 1477 id
2095 1441 2146 1478 non
2164 1425 2276 1478 maltum
2294 1437 2382 1488 urgeo,
2398 1427 2467 1490 Augu-

238 1512 336 1566 stiuum
354 1521 382 1568 et
399 1514 448 1568 XL
467 1519 552 1572 socios
569 1519 626 1585 ejns
640 1519 759 1572 Βοιιιιιι
775 1519 875 1586 origiue
890 1519 980 1572 scrisse.
1014 1519 1146 1587 Namque,
1161 1525 1191 1571 ut
1206 1517 1284 1572 modo
1301 1519 1474 1583 uamsrimus,
1490 1517 1583 1584 ceteri,
1600 1517 1641 1585 (ιιΙ
1658 1515 1691 1569 de
1705 1515 1830 1582 religione
1845 1515 1914 1568 luter
1927 1515 2152 1582 Augio-Sanones
2168 1511 2295 1570 tradenda
2309 1515 2373 1566 bene
2387 1529 2468 1568 ncras-

238 1611 315 1670 ruut,
331 1621 412 1672 neqve
427 1621 517 1661 omnes
533 1609 643 1662 ΙΙιιιιιιΙ
661 1616 749 1676 erant,
773 1617 800 1662 et
817 1612 892 1664 multi
908 1611 985 1663 etiam
1001 1611 1089 1678 Scoti,
1112 1610 1239 1671 Romanis
1254 1610 1346 1662 ritibus
1362 1625 1520 1677 nequaqnam
1536 1608 1644 1662 addicti.
1685 1605 1761 1660 Qvod
1777 1611 1865 1660 autem
1880 1605 2008 1672 gravioris
2024 1607 2149 1660 momentl
2165 1613 2223 1671 est,
2251 1606 2309 1673 lpse
2324 1607 2466 1671 Augustinus

239 1690 345 1748 humilis
360 1695 486 1750 Musaue
501 1697 571 1751 sedis
587 1699 671 1752 cultor
688 1707 752 1753 erat.
788 1701 828 1753 Ita
844 1717 923 1768 quarn
940 1701 966 1752 iu
983 1700 1069 1754 medio
1084 1703 1189 1767 itinere,
1204 1701 1242 1753 rei
1263 1699 1417 1753 difficultate
1433 1701 1600 1769 perterritus,
1618 1697 1701 1752 redire
1717 1696 1808 1764 rellet,
1825 1695 1944 1763 Gregorii
1960 1695 2090 1764 pontilicis
2107 1697 2326 1751 admonitionibus
2347 1695 2432 1749 adduci
2449 1713 2469 1749 ss

240 1799 335 1852 passus
349 1794 407 1852 est,
421 1796 453 1840 nt
470 1789 603 1857 inceptum
619 1789 670 1842 iter
685 1792 824 1844 conficeret
840 1790 917 1858 (Bed.
932 1791 958 1858 l,
973 1791 1028 1859 26).
1065 1791 1212 1846 Accedebat
1227 1791 1326 1843 vanitas
1342 1791 1497 1858 Augustini,
1512 1807 1561 1857 (ιιι
1577 1793 1737 1852 commotus,
1753 1795 1781 1840 ut
1798 1781 1978 1856 ridit'paucos
1993 1783 2110 1840 homisss
2126 1787 2152 1839 in
2168 1785 2263 1840 Cautio
2275 1785 2380 1840 Christo
2394 1805 2468 1842 nonen

240 1876 375 1942 professos
391 1893 463 1944 esse,
487 1880 575 1932 statim
591 1880 694 1932 Arelate
711 1877 845 1948 discessit,
862 1889 891 1934 ut
906 1883 939 1934 ab
955 1882 1011 1946 ejus
1027 1881 1097 1936 sedis
1113 1883 1293 1950 metropolita,
1314 1882 1355 1947 qri
1373 1881 1484 1934 Romani
1502 1881 1631 1948 pontificis
1646 1880 1672 1931 in
1688 1879 1773 1930 Gallia
1786 1879 1897 1934 vicarius
1911 1885 1982 1944 erat,
2006 1875 2224 1946 achiepiscopus
2234 1878 2394 1933 ordinaretur
2407 1879 2467 1944 (Bed.

236 1965 267 2029 l,
280 1965 335 2031 Gr)
376 1966 453 2022 Quod
469 1983 501 2022 ne
517 1971 662 2038 Gregorius
683 1972 720 2024 M.
737 1989 806 2038 aegre
822 1974 915 2033 ferret,
939 1974 1101 2039 Augustinus
1116 1973 1197 2025 satius
1214 1969 1303 2038 duxit,
1329 1988 1388 2026 eum
1406 1971 1438 2025 de
1455 1973 1564 2038 siugulis
1580 1971 1657 2022 rebus
1679 1968 1844 2022 instituendis
1866 1968 1977 2024 sollicite
1998 1968 2164 2024 consutum.
2205 1969 2272 2024 Gru
2294 1971 2340 2022 riri
2360 1967 2468 2022 humilitas

239 2055 366 2123 Gregorio
380 2057 416 2111 ito
433 2061 545 2128 placuit,
569 2067 598 2113 ut
617 2077 670 2114 ιιοιι
690 2061 774 2115 solum
791 2063 895 2131 pallium
917 2063 940 2116 ei
962 2063 1093 2130 mitteret,
1118 2063 1164 2118 sed
1182 2070 1264 2116 totam
1281 2063 1389 2116 insulam
1406 2061 1546 2116 Britannia
1562 2062 1587 2114 iu
1606 2058 1673 2113 duos
1691 2061 1948 2128 metropolitanatus,
1972 2061 2064 2128 qribus
2086 2075 2150 2114 saus
2172 2061 2264 2129 cuique
2280 2057 2467 2128 archiepiscopus

238 2135 428 2215 parceretur,
443 2147 578 2215 dividens,
593 2153 740 2220 Augustino
755 2156 842 2208 tamen
857 2171 960 2222 omues,
976 2161 1099 2222 qrotqvot
1119 2155 1146 2207 in
1160 2161 1268 2221 utraqre
1283 2154 1414 2221 prouincia
1429 2152 1618 2218 ordinarentur,
1633 2151 1771 2218 episcopos
1786 2158 1814 2204 at
1828 2151 1916 2219 ipsum
1932 2149 2036 2216 quidam
2049 2147 2275 2219 archiepiscopum
2283 2151 2392 2204 ΕΙιοιιι..
2406 2149 2468 2216 subji-

238 2243 317 2290 oaret.
352 2237 450 2292 Verum
467 2242 505 2293 sic
521 2241 602 2295 futuri
618 2245 742 2312 temporis
756 2231 937 2300 sacerdotibus¹
951 2247 991 2300 ria
1007 2245 1142 2312 designata
1156 2251 1227 2307 erat,
1244 2260 1292 2313 (ιιι
1308 2244 1345 2312 si,
1360 2243 1485 2296 ΙΙοιιιιιιιιι
1501 2241 1556 2294 sedi
1573 2239 1706 2296 humiliter
1721 2241 1856 2306 obsecuti,
1882 2238 2045 2307 incederent,
2061 2242 2156 2294 summi
2171 2239 2279 2296 honoris
2295 2241 2435 2308 diguiutcn
2447 2247 2466 2292 ct

240 2329 387 2396 singularis
403 2330 507 2397 quidem
520 2331 580 2399 Jura
596 2335 709 2389 nancisci
724 2345 840 2405 possent.

344 2419 413 2476 Quid
429 2423 522 2474 mirum
544 2424 626 2491 igitur
641 2427 681 2482 rel
696 2427 798 2482 loturos
812 2427 1024 2499 archiepiscopos
1041 2429 1184 2485 studiosius
1204 2428 1310 2496 palliam
1329 2443 1346 2478 a
1360 2425 1480 2480 Romarm
1495 2425 1613 2478 antistite
1629 2425 1748 2493 petiisse,
1769 2426 1810 2479 rol
1831 2424 1901 2479 bunc
1916 2423 1995 2478 talem
2011 2421 2132 2478 manendi
2147 2423 2342 2493 imperandiqre
2361 2433 2463 2492 opportu-

150 2515 151 2520 ’
239 2509 348 2562 nitatem
364 2507 435 2566 haud
450 2515 576 2569 omisisse.
612 2517 701 2586 Itsqss
715 2518 808 2585 Justo,
829 2521 974 2573 successori
991 2521 1144 2587 Augustini,
1172 2517 1330 2586 Bouisooius
1347 2517 1393 2570 ΙΙΙ
1412 2517 1516 2586 pallium
1538 2531 1571 2570 en
1593 2521 1653 2568 voto
1668 2509 1726 2582 ejus
1750 2516 1870 2578 mittens,
1894 2519 1917 2569 dr
1940 2515 2022 2568 multa
2036 2529 2098 2568 eum
2112 2513 2147 2570 de
2163 2527 2270 2570 munuc
2286 2521 2356 2569 recte
2370 2515 2465 2581 gerendo

239 2599 355 2664 grauiter
369 2601 518 2674 admonuit,
540 2609 577 2674 ἀ,
601 2605 698 2663 domini
714 2617 801 2676 partes
825 2613 970 2680 sustinens,
995 2611 1091 2665 diserte
1107 2609 1188 2664 dixit:
1217 2608 1307 2677 ”quod
1324 2609 1365 2675 <ca
1381 2625 1431 2678 qro
1449 2626 1485 2662 sc.
1502 2608 1592 2676 pallio)
1609 2605 1728 2672 uidelicet
1744 2614 1845 2662 tautum
1861 2608 1887 2662 io
1903 2607 2075 2660 sacrosanctis
2091 2607 2222 2674 mysteriis
2237 2605 2395 2662 celebrandis
2410 2605 2466 2658 nco·

239 2689 302 2742 tiam
317 2693 407 2748 nunu
424 2696 628 2766 ropooorsoso
644 2699 720 2766 (Bed.
737 2701 780 2763 ll,
795 2705 841 2768 8),
864 2703 974 2756 Paulino
997 2709 1084 2755 autem
1106 2709 1134 2754 et
1149 2701 1266 2754 Honorio
1283 2700 1416 2754 Honorius
1433 2702 1493 2753 lex
1508 2707 1569 2754 roto
1584 2698 1686 2752 Edwinl
1702 2699 1772 2765 regis
1792 2698 1846 2752 duo
1862 2698 1939 2767 pallia
1953 2698 2039 2762 misit,
2063 2706 2093 2752 ut
2106 2699 2234 2752 alterutro
2249 2715 2342 2754 eomas
2358 2697 2466 2758 defuncto,

239 2784 304 2839 alter
319 2787 346 2840 in
361 2786 419 2853 ejus
434 2786 520 2840 locum
534 2803 629 2843 norum
644 2789 868 2861 archiepiscopum
885 2801 1063 2859 consecraret,
1077 2808 1153 2861 quam
1168 2793 1200 2846 iis
1216 2791 1434 2844 '’enormitatem'’
1451 2792 1564 2844 tribuere
1579 2807 1607 2843 sc
1624 2789 1687 2843 dicit
1702 2789 1781 2842 ''cice
1796 2789 1870 2842 beuti
1884 2789 1975 2855 Petri,
1991 2789 2168 2858 apostolorum
2185 2790 2326 2858 principis,
2335 2803 2373 2872 ona
2386 2801 2465 2840 sacrm

240 2874 353 2928 essetad
363 2877 506 2930 Romanmu
521 2895 600 2948 nsque
612 2882 740 2936 civitatem
757 2889 870 2951 perram
887 2886 987 2954 prolixa
1002 2894 1127 2946 temtum
1143 2889 1170 2937 et
1184 2884 1262 2936 maris
1278 2885 1362 2952 spatia
1372 2899 1419 2952 pro
1434 2882 1577 2937 ordinando
1593 2880 1788 2949 archiepiscopo
1798 2881 2029 2949 conperiatigari”
2047 2879 2124 2944 (Bed
2139 2881 2179 2946 ΙΙ,
2200 2883 2243 2934 11.
2259 2880 2311 2948 16).
2335 2879 2414 2946 lgibu
2424 2883 2466 2944 post

238 2973 349 3020 mortem
364 2967 467 3022 Paulini
482 2969 613 3025 Hossorius
628 2971 787 3028 ithamarum
803 2973 1026 3044 archiepiscopum
1043 2975 1171 3028 ordinarit
1186 2973 1263 3042 (Bed.
1281 2975 1332 3040 ΙΙΙ,
1349 2974 1408 3040 14),
1424 2982 1465 3035 et,
1488 2973 1605 3025 Honorio
1622 2972 1760 3033 defuncto,
1778 2971 1922 3026 Beusdedit
1937 2973 1970 3025 ab
1985 2969 2117 3026 lthamaro
2133 2970 2271 3026 ordinatus
2285 2979 2326 3024 est
2342 2967 2414 3035 (Bed.
2427 2965 2466 3026 ΙΙΙ,

239 3059 295 3120 20).
330 3057 472 3127 Postquam
497 3077 557 3114 rero
572 3056 718 3118 Beu'adetlit
739 3065 807 3118 diem
824 3083 974 3134 supremum
990 3067 1110 3131 obiisset,
1132 3063 1290 3132 B'ighardus
1311 3067 1448 3133 presbyter
1463 3065 1587 3128 ΙΙοιιιιιιι,
1613 3071 1641 3116 nt
1657 3063 1836 3123 ordinaretur,
1853 3065 1948 3117 missus
1963 3071 2011 3117 est.
2047 3064 2137 3130 ltaque
2161 3063 2288 3132 presules
2303 3064 2413 3117 molesia
2426 3059 2466 3112 Bri·
2486 3099 2487 3145 ,

240 3149 364 3217 taunlcaa,
379 3145 519 3220 Augustini
535 3156 682 3224 exemplum
699 3160 796 3224 secuti,
812 3165 842 3210 ut
855 3173 910 3210 sune
925 3155 1045 3224 dignitati
1062 3158 1097 3210 ita
1114 3155 1224 3210 ΙΙοιιιιιιΙ
1240 3155 1364 3208 antistitis
1379 3155 1527 3206 auctoritati
1543 3161 1570 3207 et
1587 3155 1710 3224 potentia
1725 3155 1831 3221 egregie
1847 3156 2025 3209 consulebant.

343 3239 407 3298 Quis
422 3251 512 3298 autem
528 3261 579 3300 uon
594 3245 680 3315 ridet,
703 3247 842 3314 plurimum
863 3250 920 3318 ejrn
944 3250 1067 3316 potentiae
1086 3249 1201 3317 ipsorum
1224 3247 1375 3315 pontificum
1391 3247 1568 3298 Romanorum
1593 3245 1738 3313 prudentie
1761 3245 1857 3300 deberi.
1900 3247 1983 3314 Cujus
2005 3253 2036 3300 ut
2057 3245 2183 3298 nonnulla
2201 3245 2324 3313 exempla
2347 3243 2467 3300 menum

238 3334 351 3388 instituti
367 3336 448 3388 nostri
465 3337 531 3389 ratio
547 3353 653 3404 prorsus
671 3339 780 3406 flagitat.
817 3339 1041 3394 Gvcmodmodum
1058 3341 1126 3394 enim
1143 3338 1294 3408 Gregorius
1311 3337 1349 3389 M.
1368 3334 1512 3389 Ethelredo
1527 3337 1582 3402 regi
1604 3343 1631 3388 et
1647 3336 1716 3389 dona
1732 3337 1816 3398 misit,
1838 3345 1865 3390 et
1883 3338 1982 3392 litteras
1997 3337 2087 3400 dedit,
2109 3337 2246 3403 inquibus
2262 3351 2322 3390 eum
2338 3329 2468 3401 gnominis

239 3425 324 3477 uerbis
339 3413 656 3482 adhortatur'”idolorum
674 3431 759 3482 cultus
778 3431 891 3499 insequi”
901 3434 929 3492 ἰ
949 3432 984 3482 ita
1002 3431 1159 3497 Bouifociua
1176 3429 1222 3481 ΙΙΙ
1233 3427 1369 3497 epistolam
1386 3425 1420 3480 ad
1436 3425 1573 3480 Edwinum
1590 3443 1694 3494 regem,
1709 3425 1796 3480 adhuc
1812 3429 1951 3496 gentilem,
1966 3431 2085 3499 scripsit,
2100 3429 2127 3482 lu
2143 3445 2206 3496 (ιιι,
2224 3426 2347 3496 exposita
2363 3417 2468 3486 religioni!

176 3539 181 3558 ι
240 3511 375 3568 catholicae
390 3518 462 3570 breui
472 3533 593 3593 Ιιιιιιιιιιι,
610 3535 717 3586 regens,
734 3528 764 3573 ut
779 3521 937 3590 baptismum
954 3523 1062 3587 subeat,
1083 3521 1197 3586 grauiter
1211 3520 1377 3584 obsecratur,
1391 3519 1441 3586 ipsi
1457 3518 1534 3572 simul
1550 3517 1662 3570 donum·
1680 3520 1784 3572 uomina
1797 3519 1831 3572 B.
1847 3519 1921 3574 l‘etri
1936 3521 2047 3588 apostoli
2063 3519 2169 3574 mittens
2184 3518 2322 3586 (beart,
2339 3515 2395 3580 1⁰);
2409 3521 2468 3575 usqu

240 3619 292 3658 uon
307 3603 340 3658 ad
355 3603 551 3672 AEdilburgam,
567 3610 681 3674 reginam
698 3611 816 3678 Eduiui,
832 3613 949 3681 scripsit,
966 3619 1087 3679 oportere
1102 3627 1159 3665 eam
1181 3611 1321 3678 conjugem
1336 3608 1369 3662 sd
1385 3625 1458 3662 sacra
1473 3607 1571 3662 Christi
1588 3609 1731 3677 profitenda
1747 3610 1845 3664 orando
1861 3609 2029 3678 docendoque
2045 3609 2194 3676 adducere,
2215 3627 2248 3664 ac
2265 3604 2467 3664 ’'Maedictiouen

239 3695 314 3748 Pesri
329 3697 449 3766 apostoli,
466 3699 600 3766 speculum
617 3710 768 3768 argenteum
784 3710 811 3756 et
828 3704 955 3772 pectinem
971 3703 1112 3758 eburneum
1129 3705 1288 3766 inauratum,
1300 3701 1325 3754 ei
1340 3701 1427 3754 misit”
1444 3701 1522 3780 (l.c,).
1549 3700 1668 3753 Eundem
1680 3700 1818 3754 Eduiuum
1835 3701 1969 3754 Honorius
1981 3703 1996 3754 Ι
2007 3703 2032 3754 Ιιι
2048 3703 2159 3770 epistola
2174 3701 2260 3770 aliqva
2278 3698 2434 3756 adhortatur,
2448 3697 2467 3742 ΙΙ

241 3787 385 3852 ”Gregorii
401 3787 438 3842 Μ.
455 3789 566 3844 lectione
582 3794 728 3860 rrsqsontec
743 3801 886 3862 occupatus
902 3794 1016 3861 sit,....
1040 3801 1181 3861 quatenus,
1203 3794 1255 3861 ait,
1277 3791 1333 3859 ejus
1349 3793 1432 3844 oratio
1450 3808 1558 3860 mgnum
1577 3799 1690 3846 restrum
1710 3794 1886 3860 populumque
1903 3801 2018 3860 augeav’
2041 3792 2124 3859 (Bed
2139 3793 2182 3860 ΙΙ,
2197 3793 2257 3858 17).
2298 3793 2347 3846 llis
2362 3805 2416 3842 sero
2429 3797 2467 3838 ou·

239 3878 317 3932 nlbus
334 3893 411 3946 reges
428 3882 660 3949 Anglo-Saaouum
676 3882 746 3938 baud
762 3901 837 3938 secus
854 3901 884 3936 ac
900 3885 943 3952 ipe
960 3883 1025 3938 ordo
1042 3901 1116 3938 sacer
1132 3886 1256 3938 ΙΙιιιιιιιιιε
1272 3883 1342 3937 sedis
1357 3893 1487 3951 praecepta
1508 3885 1616 3938 reuereri
1634 3883 1757 3951 paulatim
1775 3883 1918 3938 discebant.
1959 3883 2042 3948 Cuius
2059 3881 2162 3948 quidem
2178 3883 2331 3936 reverentie
2346 3876 2466 3943 exemplu!

235 3969 290 4032 iarn
305 3965 489 4040 Ethelb'ertus,
505 3989 551 4027 rex
566 3975 679 4043 Castico,
701 3976 835 4043 prestitit,
862 3977 955 4044 quippe
976 3977 1017 4041 qri
1036 3976 1062 4028 in
1079 3977 1180 4042 legibus
1195 3977 1268 4043 suis,
1283 3974 1317 4030 ad
1335 3973 1459 4030 tuendum
1478 3992 1542 4042 opes
1560 3975 1676 4028 ecclesie
1691 3975 1767 4041 latis,
1788 3975 1989 4028 '’Romanorum
2007 3974 2171 4042 exemplum”
2188 3979 2296 4028 secutus
2315 3973 2349 4026 sit
2363 3966 2430 4034 (Bed.
2445 3963 2466 4017 ll

238 4061 283 4132 6),
299 4061 386 4114 nullus
402 4071 489 4118 nutem
506 4067 605 4133 magis,
620 4083 698 4134 quam
718 4065 804 4132 Osui,
819 4081 865 4119 ιιι
886 4063 1191 4134 ΝοιΙΙιιιιΙιιιιΙιιοιιιιιι,
1205 4068 1232 4120 in
1247 4067 1420 4120 controversia
1437 4069 1531 4120 acriter
1547 4081 1607 4118 cum
1622 4065 1773 4118 britonibus
1790 4072 1875 4131 gesta.
1910 4128 1915 4152 ,

346 4151 400 4205 Sed
416 4151 495 4220 hujus
511 4157 563 4208 litis
579 4158 693 4223 origines
709 4157 786 4210 ultim
801 4157 949 4226 repetenda·
969 4165 1038 4212 suut.
1076 4158 1196 4212 britones
1213 4174 1235 4210 s.
1252 4157 1381 4224 indigena·
1397 4156 1456 4211 chni
1472 4164 1499 4210 et
1513 4159 1587 4210 Scotl
1603 4157 1742 4209 s.Hibemi
1758 4156 1785 4207 iu
1800 4156 1929 4208 nonnullis
1943 4154 2086 4225 discipline
2097 4157 2283 4210 ecclesiasticas
2301 4158 2376 4209 rebus
2392 4161 2465 4206 mortu

239 4241 418 4296 musustudiui
436 4245 561 4298 Romanae
576 4249 693 4300 ecclcsiae
712 4250 869 4302 contrarium
889 4252 1076 4317 sequebantur,
1092 4251 1203 4302 maxime
1221 4249 1246 4302 iu
1264 4249 1419 4317 baptismate
1435 4247 1638 4301 administrando
1654 4253 1679 4300 et
1698 4245 1740 4300 dle
1756 4237 1815 4299 sesti
1836 4243 1967 4316 paschatis
1983 4247 2175 4302 constituendo.
2203 4248 2281 4302 Qvod
2300 4243 2464 4308 soroudon

238 4331 320 4404 ,suos
335 4333 443 4402 oninct,
467 4339 687 4406 computationem
705 4339 811 4408 Sulpitii
827 4341 915 4395 Seueri
938 4343 1124 4408 sequebantur,
1151 4357 1206 4410 que
1228 4343 1261 4394 ab
1285 4357 1315 4394 ea
1339 4339 1508 4406 abhorrebat,
1531 4355 1605 4407 (ιιιιιι
1629 4337 1747 4392 Romana
1770 4338 1879 4390 ecclesia
1901 4337 1961 4390 inde
1985 4338 2103 4394 amedio
2127 4340 2216 4392 seculo
2235 4349 2312 4393 sexto
2332 4335 2464 4392 coenabat·

238 4424 297 4476 Jam
315 4425 478 4490 Augustinus
496 4430 536 4481 bis
553 4445 611 4482 curu
628 4430 781 4484 Britoulbus
797 4432 959 4485 collationem
978 4431 1009 4484 de
1027 4429 1068 4485 his
1084 4432 1162 4484 rebus
1178 4432 1304 4494 instituit,
1329 4432 1375 4484 sed
1393 4447 1453 4500 spes
1468 4447 1515 4482 eos
1530 4445 1619 4482 secum
1636 4426 1790 4481 conciliandi
1807 4443 1865 4481 erun
1881 4428 1974 4482 fefellit
1983 4431 2004 4481 ⁴.
2047 4430 2136 4497 Neque
2152 4431 2251 4484 crudeli
2269 4439 2374 4496 strage,
2392 4439 2432 4491 (61
2443 4423 2464 4472 ab

189 4511 193 4520 “
238 4512 383 4568 Ethelredo
399 4517 594 4586 afficiebantur,
612 4521 728 4582 conuersi
744 4529 814 4574 suut.
854 4523 950 4575 Scotos
966 4539 1027 4576 sero
1043 4521 1218 4576 Joheoneslv
1233 4522 1346 4588 grauiter
1357 4519 1541 4591 reprehendit,
1557 4519 1625 4588 qrod
1642 4519 1755 4571 ”lestum
1768 4521 1880 4588 pascatis
1895 4533 1954 4574 cuns
1968 4521 2087 4576 Hebmn
2103 4522 2283 4576 celebraresst”
2299 4518 2375 4588 (Bed.
2386 4517 2414 4580 ll,
2428 4515 2464 4570 lli·

238 4603 293 4658 Sed
316 4603 409 4660 borum
432 4609 508 4678 aliqui
526 4611 551 4660 iu
568 4618 624 4666 tota
646 4613 701 4666 sore
721 4621 800 4680 geute
817 4599 1103 4680 Nortbunbymbrorum
1125 4621 1152 4665 et
1166 4613 1325 4666 Marciorum
1346 4628 1419 4666 suam
1442 4613 1605 4680 disciplinam
1630 4612 1805 4664 instituerunt.
1846 4611 1935 4678 ltaqre
1950 4613 2020 4666 Ossai
2036 4629 2091 4678 rex,
2107 4619 2137 4665 ut
2151 4609 2218 4666 hanc
2234 4613 2274 4666 rei
2291 4605 2369 4664 sacrae
2385 4601 2464 4662 diverti·

237 4698 335 4764 tatem,
358 4701 392 4754 ob
408 4715 484 4766 qvam
499 4702 567 4756 circs
583 4717 612 4756 se
633 4705 708 4758 alteri
724 4706 819 4757 alteros
835 4706 1002 4758 acerbissimo
1024 4705 1085 4758 odio
1107 4705 1341 4772 persequebantur,
1363 4704 1480 4769 tolleret,
1505 4719 1527 4756 a.
1553 4707 1605 4757 664
1621 4703 1757 4754 concilium
1772 4699 1905 4756 Phareuse
1923 4705 1948 4756 in
1964 4706 2119 4758 monasterio
2135 4701 2326 4758 strenashalch
2337 4699 2429 4760 usuum
2447 4694 2463 4742 il

237 4805 301 4856 quo,
327 4798 463 4860 postquam
478 4807 577 4845 morem
595 4793 778 4848 Britannorum
798 4801 851 4848 tam
874 4793 1047 4863 in‘paschatis
1066 4796 1110 4848 die
1128 4792 1322 4848 constituendo
1333 4809 1407 4862 qraru
1430 4796 1455 4846 iu
1475 4796 1561 4863 capite
1586 4795 1738 4846 clericorum
1766 4792 1900 4848 tondendo
1923 4795 2065 4848 cuasam
2080 4795 2179 4850 Scotus
2202 4794 2315 4850 maxime
2338 4787 2463 4848 auctoritate

237 4881 348 4936 Anatolii
366 4888 394 4936 et
408 4883 437 4938 S.
447 4883 601 4938 Columbanl
618 4884 791 4953 defendisset,
812 4886 954 4954 Wiltridos
969 4892 1056 4938 nutem
1073 4887 1220 4938 Romanum
1235 4899 1335 4938 morem
1351 4887 1507 4938 auctoritate
1516 4885 1588 4939 Petri
1606 4889 1732 4956 apostoli,
1747 4887 1791 4940 coi
1806 4887 1913 4940 ellaturu
1929 4883 2026 4938 Christi
2039 4883 2123 4940 Math.
2144 4890 2192 4952 16,
2210 4886 2244 4941 18
2261 4887 2343 4939 clares
2359 4881 2463 4936 cesloim

238 4975 412 5042 commiserit,
437 4976 500 5028 satis
521 4961 730 5052 commendatum
750 4979 928 5045 munitumque
950 4974 1071 5043 baberet,
1096 4977 1166 5028 Oswi
1182 4991 1243 5046 rer,
1268 4982 1374 5044 utraque
1393 4984 1466 5042 parte
1489 4976 1523 5029 de
1538 4991 1570 5030 eo
1586 4979 1777 5042 consentiente,
1805 4977 1895 5044 ”qvod
1916 4975 1972 5030 broc
1997 4979 2174 5046 principaliter
2193 4978 2274 5032 Petro
2297 4976 2366 5030 dicta
2386 4975 2462 5026 ermt'i

238 5064 364 5120 ΙΙοιιιιιιΙι
380 5068 511 5121 ”statutis
527 5066 553 5119 Ιιι
571 5068 715 5120 omnibns„
743 5067 916 5122 obediendum
933 5083 990 5120 csse
1006 5067 1146 5120 solenniter
1166 5065 1306 5118 declararit
1316 5069 1336 5118 ⁸.
1389 5066 1476 5135 ltaqre
1497 5062 1548 5118 hoc
1570 5068 1671 5120 concilii
1693 5068 1848 5122 decretumi
1867 5067 1991 5123 ucoooo
2006 5065 2062 5122 sedi
2077 5083 2178 5122 summa
2192 5067 2353 5136 disciplinam
2369 5059 2462 5118 occide

238 5153 330 5210 aticum
346 5142 483 5213 deliniendi
497 5157 558 5226 juro
572 5158 719 5212 vindicam.

345 5247 431 5314 liujus
446 5258 533 5304 curtem
550 5254 664 5306 victoriae
679 5255 779 5306 fructus
802 5249 933 5302 Vitolioai
947 5248 1056 5302 audacia
1071 5249 1148 5317 longe
1171 5250 1315 5304 uberrimos
1336 5247 1459 5302 reddidit.
1501 5250 1552 5303 Hic
1576 5249 1658 5315 enim,
1679 5265 1761 5317 quum
1776 5248 1936 5316 wighardum
1962 5251 2114 5319 presbyter,
2134 5261 2210 5320 quem
2226 5250 2296 5304 Osssi
2317 5264 2362 5302 rex
2376 5246 2461 5298 humill

239 5339 358 5400 miserat,
380 5347 409 5390 ut
431 5343 524 5408 presul
549 5345 630 5396 totius
645 5343 763 5397 ecclesia
781 5341 1030 5407 Anglo-Saaouice
1051 5347 1260 5406 consecraretur,
1284 5341 1376 5393 ΙΙιιιιιιι
1400 5341 1524 5406 obiisset,
1547 5355 1604 5393 earu
1627 5341 1676 5392 sibi
1698 5348 1856 5409 potestctem
1875 5342 2022 5408 arrogavit,
2046 5349 2075 5394 ut
2090 5341 2198 5394 Cilicem
2221 5333 2461 5409 quodamnodo

164 5463 173 5476 .
239 5424 408 5482 'l'lseodorum
424 5431 475 5496 (-
490 5435 573 5487 virum
589 5433 690 5502 quidem
708 5435 733 5486 iu
750 5432 842 5488 litteris
860 5433 925 5484 bene
947 5437 1093 5496 versatum,
1114 5446 1265 5500 morumque
1281 5431 1409 5500 probitate
1425 5431 1558 5498 {statisque
1579 5431 1753 5486 ιιιιοιΙΙιΙι7
1772 5434 1940 5502 spectabilem
1959 5459 1991 5470 -
2018 5432 2087 5485 uuila
2108 5433 2202 5502 praeuia
2223 5434 2346 5487 electione
2363 5437 2404 5482 aut
2417 5437 2460 5474 0⁰¹¹·

239 5533 317 5574 sensu
338 5521 567 5588 logio-saxonum
586 5526 716 5587 ecclesius,
743 5519 967 5592 archiepiscopum
985 5521 1041 5588 ipse
1059 5522 1220 5588 nominaret,
1247 5517 1472 5576 sc'cousesromn
1488 5523 1517 5574 ln
1534 5521 1694 5576 Britanniam
1718 5524 1841 5578 mitteret.
1883 5521 1974 5578 uorat
1998 5521 2067 5588 quod
2090 5523 2161 5578 osui
2185 5519 2274 5594 'regem
2296 5525 2320 5578 io
2344 5519 2422 5576 litteris
2444 5512 2460 5562 εἰ

239 5611 325 5663 missis
342 5609 483 5671 admodum
502 5615 605 5682 inundat,
630 5615 697 5683 quod
723 5615 788 5668 ”die
805 5620 832 5668 et
855 5619 930 5666 nocte
948 5609 1088 5665 meditetur
1106 5629 1195 5666 ‹rmues
1219 5607 1350 5680 sublectos
1377 5629 1440 5666 suos
1463 5612 1496 5666 ad
1522 5611 1600 5668 fidon
1618 5613 1775 5667 cntbolicmu
1793 5621 1870 5682 atquc
1890 5614 2063 5684 apostolieum
2080 5623 2262 5681 convertere¹·,
2286 5619 2397 5683 oportue
2417 5617 2459 5658 ⁸¹¹⁰

239 5701 343 5766 dicens,
370 5704 419 5756 ”iu
441 5705 559 5760 omatibus
576 5708 645 5776 piam
662 5701 779 5773 regulam
801 5703 872 5770 ecqui
893 5703 1040 5772 perenniter
1058 5704 1185 5773 Principis
1205 5705 1399 5773 apostolorum,
1426 5705 1479 5778 sire
1497 5705 1523 5758 in
1545 5702 1642 5774 pascha
1662 5705 1833 5772 celebrando,
1858 5705 1911 5760 slve
1934 5707 1959 5758 in
1980 5707 2117 5774 omnibus,
2143 5723 2198 5776 qve
2222 5705 2376 5760 tradiderunt
2396 5693 2459 5752 nortl

238 5795 377 5876 apostolici
393 5793 486 5850 Petrus
505 5806 531 5850 et
552 5799 666 5851 Paulum
687 5796 763 5863 (Bed.
784 5797 835 5860 ΙΙΙ,
856 5799 912 5863 29).
950 5795 1027 5850 Orod
1047 5803 1182 5864 utrumqne
1201 5813 1281 5864 quum
1302 5797 1528 5864 Angla-Saxones
1548 5799 1744 5864 scqris=auimis
1760 5801 1873 5862 terrem,
1900 5795 2019 5852 Romano
2033 5798 2099 5864 rugo
2118 5799 2184 5853 colla
2202 5805 2294 5866 sponte
2311 5789 2459 5848 roborarunt
