5002 6360
419 415 1191 554 PERIODUS
1265 338 1867 558 TERTIA

936 719 1174 836 604—
1188 722 1355 838 858.

841 987 1475 1030 m

1115 1161 1165 1270 Ι.

596 1369 850 1454 AEvnm
908 1343 1699 1490 Monotheletismi.

983 1527 1292 1634 'oon-reo.

80 1862 305 1928 eclesiasticum
354 1864 451 1926 seculi
471 1863 527 1928 Vll
554 1865 717 1958 historiam
747 1860 962 1943 persecutoris
992 1859 1082 1922 nobis
1107 1860 1252 1922 nonnulla
1276 1866 1451 1930 necessaria
1475 1867 1539 1928 risa
1561 1875 1652 1946 sunt,
1683 1889 1749 1949 quse
1777 1871 1825 1934 ael
1853 1873 1883 1932 in
1913 1872 2066 1934 lectorum
2096 1867 2274 1938 memoriam
2355 1846 2359 1862 '
2443 1873 2451 1898 '

12 1997 252 2054 Qvocaremus
272 1982 322 2044 voi
342 1981 381 2042 ad
405 1984 511 2064 operis
534 1983 633 2043 nostri
656 1980 807 2042 rationem
830 1978 1042 2040 delineandam
1062 1977 1273 2056 preclaremur.
1382 1987 1389 2004 ‘
2225 2045 2228 2050 ,

188 2097 291 2160 Greci
315 2099 493 2179 Orientale,
521 2099 603 2180 quod
633 2098 813 2172 dicebatur,
843 2069 1024 2176 imperium,
1055 2093 1191 2157 Africam
1216 2101 1250 2156 et
1282 2095 1378 2156 ltaliae
1406 2098 1537 2162 mediam
1566 2111 1656 2184 atqve
1678 2105 1858 2170 inferiorem
1883 2110 2033 2187 partem
2024 2129 2056 2171 ιιι
2078 2111 2197 2204 ditione
2220 2133 2275 2174 sua

9 2216 176 2276 ·.nehaut
222 2216 310 2292 Qvod
334 2224 437 2279 tamen
465 2236 594 2298 regnum
615 2215 706 2278 bellis
735 2219 769 2274 et
797 2214 1025 2276 lncursionihus
1055 2212 1238 2287 Persarum,
1273 2195 1442 2276 hrarornm
1473 2223 1506 2278 et
1533 2219 1810 2303 Langobardorum
1841 2225 2042 2290 circumcirca
2066 2200 2273 2308 premebatur.

0 2334 219 2414 superiorem
240 2333 337 2396 ltaliae
360 2340 479 2414 partem
500 2353 593 2415 reges
611 2331 887 2412 Langobardorum
909 2332 941 2391 in
961 2333 1149 2409 potestatem
1174 2347 1259 2390 suem
1288 2331 1491 2413 redegerant,
1512 2344 1609 2400 totam
1629 2359 1703 2402 cero
1723 2341 1902 2421 Hispaniam
1924 2341 2160 2424 visigothorum
2183 2367 2274 2430 regen

41 2459 197 2532 cupatam
224 2453 380 2514 tenebant.
425 2453 459 2516 ln
482 2451 583 2514 Gallia
602 2471 711 2535 regum
736 2451 838 2530 gentis
860 2449 1069 2518 Francorum,
1094 2464 1220 2524 quorum
1243 2447 1324 2510 uires
1347 2447 1526 2532 frequentes
1547 2456 1637 2536 regni
1660 2458 1826 2520 divisiones
1852 2460 2080 2540 infringebant,
2114 2462 2167 2532 alli
2190 2463 2274 2524 sedi·

2 2571 153 2632 'onibus
175 2569 332 2632 intestinis
355 2569 568 2650 opprimendis
591 2540 644 2630 ant
665 2568 758 2630 bellis
780 2563 994 2648 Longobardis
1020 2568 1054 2624 et
1076 2561 1250 2644 visigothis
1273 2562 1444 2630 inferendis
1469 2574 1553 2632 totos
1576 2591 1611 2633 se
1632 2575 1759 2651 dabant,
1791 2576 1858 2651 alii,
1891 2575 2044 2639 socordie
2062 2577 2273 2661 indulgentes,

0 2687 129 2768 opuli
153 2687 200 2746 sui
222 2687 362 2768 regimen
384 2705 549 2766 procerum
575 2683 773 2766 quibusdam,
806 2702 882 2766 qros
901 2681 1040 2762 hlajores
1061 2681 1171 2742 domna
1195 2681 1288 2762 vulgo
1309 2684 1483 2762 appeliant,
1516 2691 1780 2778 committebant..
1805 2694 1838 2756 ln
1860 2695 2017 2758 llrltennia
2037 2699 2136 2778 reguli
2157 2699 2281 2784 tlnglo-¹
2369 2761 2385 2774 ,

0 2803 174 2868 sxorlum
193 2805 254 2866 sibi
280 2805 411 2866 invicem
433 2803 516 2864 bella
536 2803 722 2866 inferebant.
765 2803 799 2863 ln
822 2801 986 2864 Germania
1008 2797 1138 2878 denique
1161 2799 1299 2860 barbarae
1319 2801 1425 2862 multae
1445 2813 1555 2884 gentes
1579 2808 1706 2870 liberam
1729 2829 1786 2891 pro
1809 2830 1866 2873 suo
1888 2831 2013 2893 qaaeqre
2035 2814 2159 2895 ingenio
2180 2817 2272 2878 ιιιιιιι

4 2925 230 3002 dolorumque
251 2940 378 2984 enorme
401 2920 516 2982 cultum
538 2919 750 3000 instituebant.
796 2923 869 3001 Qum
891 2935 965 2979 vcro
988 2915 1051 2978 feta
1072 2917 1192 2998 singula
1213 2917 1281 2978 hec
1311 2933 1408 2999 regno
1434 2928 1467 2983 ct
1489 2933 1599 3003 gentes
1620 2927 1803 3006 out-mo
1825 2927 1984 3006 subirent,
2011 2947 2073 2991 non
2094 2931 2189 3013 hujus
2211 2933 2273 2997 loci

0 3047 59 3099 .:t
92 3038 245 3118 perscqri.
289 3037 353 3100 Sed
379 3043 482 3100 tamen
511 3057 550 3098 nc
579 3037 720 3098 lectores
743 3035 865 3097 nomina
894 3034 996 3096 minus
1026 3040 1099 3098 nota
1128 3035 1260 3098 forsitan
1280 3037 1486 3115 confundant,
1515 3039 1609 3123 hujus
1635 3047 1692 3106 teri
1725 3045 1865 3114 historiae
1892 3045 2023 3109 tabulam
2051 3045 2288 3130 subjungamur¹

12 3175 101 3238 pag.
125 3153 198 3231 24),
219 3153 251 3214 in
273 3173 330 3236 qva
349 3137 430 3214 ¹ordo
453 3173 562 3236 regom
584 3127 740 3216 afferatur.
764 3187 806 3202 -

187 3270 274 3350 Qvod
295 3278 398 3332 antem
413 3271 450 3333 ad
471 3273 584 3353 ipsam,
606 3292 670 3361 quse
684 3272 840 3352 aequ-itur,
863 3269 1023 3331 historiam
1048 3271 1289 3334 ecclesiasticam
1314 3275 1441 3350 attinet,
1464 3279 1569 3355 paucis
1586 3296 1746 3360 erponem,
1769 3267 1877 3360 quibus
1893 3282 2066 3344 rationibus
2085 3282 2195 3343 ductos
2214 3303 2270 3345 sno

0 3390 138 3472 ingula
152 3389 517 3450 ordinetradiderlm-
537 3389 835 3451 Muhamedunornm
855 3388 966 3469 religio
990 3388 1122 3468 heiliqce
1145 3389 1270 3450 fortuna
1291 3391 1507 3468 mnitishaiae,
1532 3393 1664 3470 Africae,
1686 3401 1719 3456 et
1741 3396 1877 3476 Europae
1891 3397 1994 3478 regnis
2014 3410 2121 3460 noram
2141 3401 2271 3464 formam

10 3511 195 3582 nduerunt,
218 3525 343 3585 eamque
365 3506 397 3568 in
413 3508 508 3569 rebus
529 3513 592 3568 tam
614 3508 710 3568 sacris
734 3525 822 3586 qvam
843 3505 985 3566 civilibus
1008 3507 1224 3586 conspicuam,
1246 3508 1358 3569 nullius
1381 3515 1484 3570 autem
1508 3513 1618 3592 populi
1643 3513 1851 3573 conditionem
1872 3514 1967 3594 magis
1991 3523 2163 3592 mnarum,
2185 3537 2270 3598 qvam

16 3633 138 3690 tiseroe
160 3625 262 3708 gentis
276 3623 423 3685 iudaice.
467 3626 510 3687 at
532 3646 614 3687 arma
635 3625 929 3687 llluhamedanornm
954 3629 1037 3684 tanta
1058 3623 1184 3687 fortrrua
1205 3644 1267 3686 non
1289 3625 1508 3702 definissent,
1531 3631 1559 3690 ai
1581 3629 1724 3690 (iroecum
1746 3631 1911 3710 imperium
1931 3649 2029 3712 neqve
2051 3635 2272 3696 controversie

7 3749 46 3806 le
75 3746 173 3806 rehns
197 3741 271 3802 fidei
295 3743 557 3820 debilitarisaent,
588 3761 686 3822 neqve
709 3742 824 3802 dudum
846 3742 996 3806 damnatae
1015 3751 1111 3802 acctce
1139 3741 1285 3824 frangere
1304 3743 1503 3824 cupivisscnt.
1549 3743 1631 3807 llinc
1650 3745 1945 3836 Muhamedanorum
1968 3747 2130 3810 historiam
2152 3758 2272 3812 mature

15 3863 151 3939 radam,
177 3864 264 3942 eiqre
287 3859 351 3920 feta
373 3861 550 3922 Judaeornm
573 3861 755 3941 subjungam
778 3858 864 3938 (pag.
887 3859 1007 3940 4-5),
1029 3867 1060 3923 at
1080 3860 1244 3922 haeresinm
1265 3868 1476 3941 sectarumqre
1501 3863 1532 3924 in
1555 3863 1665 3924 Graeco
1685 3863 1817 3943 imperio
1840 3863 2001 3924 historiam
2021 3865 2144 3926 illorum
2169 3881 2287 3928 narra·

0 3979 94 4040 ioni
118 3979 301 4056 prccmittam
333 3977 417 4060 (pag.
440 3977 561 4060 2--3).
617 3977 843 4055 fractre'opes
867 3975 968 4036 Gracci
998 3975 1120 4055 imperii
1147 3977 1330 4038 hierarchim
1350 3977 1496 4040 nomanae
1526 3978 1667 4040 nonnihil
1692 3982 1722 4042 in
1750 3980 1837 4044 ltnlia
1864 3983 2029 4061 potestatis
2057 3985 2268 4062 praebuerunt,
2327 4057 2332 4066 .

26 4116 79 4154 cm
102 4095 197 4174 igitur
219 4097 314 4174 qualis
335 4095 446 4170 fuerit,
469 4097 500 4156 in
524 4096 661 4177 proxima
683 4093 785 4176 tabula
808 4097 856 4174 (p.
878 4092 986 4175 d-7)
1006 4065 1164 4156 enrhraho.
1211 4098 1252 4156 At
1272 4103 1359 4155 extra
1379 4097 1456 4156 liner
1477 4095 1572 4156 ltalim
1592 4093 1729 4158 lfomana
1748 4095 1924 4158 hierarchia
1943 4096 1991 4156 rel
2015 4099 2179 4176 potestatis
2207 4117 2270 4160 snm

1 4219 165 4295 jacturam
188 4213 283 4288 fecit,
303 4215 368 4288 cel,
388 4185 512 4294 populis
533 4211 712 4292 quibusdam
735 4212 773 4272 ad
794 4229 880 4272 sacra
900 4212 1059 4289 pontilicis
1079 4214 1254 4285 conversis,
1283 4213 1414 4272 muitum
1437 4213 1560 4274 roboris
1583 4214 1727 4275 obtinuit.
1763 4215 1865 4293 ltaque
1884 4213 1983 4274 satine
2008 4213 2080 4272 dumi
2106 4212 2170 4274 fata
2196 4215 2270 4274 reli·

1 4333 118 4414 glonis
140 4352 288 4413 prospera
311 4351 379 4394 cum
400 4331 534 4392 llamana
553 4327 743 4402 hierarchia,
776 4329 827 4390 cui
856 4333 921 4388 tum
949 4327 1085 4408 origines
1114 4349 1184 4390 suas
1208 4329 1360 4390 deberent
1382 4336 1447 4390 tum
1471 4330 1539 4409 ipsa
1560 4331 1739 4412 gravissime
1763 4331 1962 4414 prodessent,
1989 4329 2124 4410 junctim
2144 4330 2268 4390 tradere
2308 4403 2312 4410 1

2 4453 67 4530 (p.
93 4451 251 4528 8-11).
307 4450 419 4510 Eidem
448 4449 607 4530 aptissime
641 4448 763 4508 annecti
792 4465 887 4526 posse
921 4446 1091 4506 existimari
1117 4463 1223 4505 eorum
1252 4445 1427 4521 historiam,
1458 4441 1567 4526 qribus
1593 4465 1686 4507 sacro
1712 4449 1812 4512 ordini
1838 4467 1933 4510 noros
1961 4454 2059 4510 statos
2088 4451 2266 4528 parabatur,

4 4569 167 4648 siqnidem
189 4569 243 4630 hic
260 4568 415 4648 plerisqrc
433 4567 609 4630 nominibus
625 4564 673 4625 rel
690 4565 820 4646 antiquis
837 4565 921 4625 sedis
934 4563 1079 4623 Romanae
1094 4561 1221 4642 juribus
1239 4563 1369 4622 servatis
1386 4565 1433 4623 rel
1454 4563 1548 4624 hisce
1560 4565 1699 4624 nonnihil
1715 4567 1841 4628 mutatis
1857 4566 2045 4626 formaretur
2060 4563 2105 4644 (p.
2119 4563 2269 4645 12-18).

5 4689 119 4766 lteqrc
138 4685 272 4765 priunum
294 4685 461 4761 enarrabo,
491 4687 540 4762 qvi
567 4689 682 4744 mutate
709 4683 751 4744 sit
777 4680 910 4742 ecclesia
933 4681 1052 4741 ratione
1074 4679 1249 4758 principum
1273 4676 1320 4758 (p.
1344 4679 1480 4762 127-13)
1506 4689 1539 4742 et
1567 4681 1709 4743 ordinum
1732 4683 1880 4746 laicorum
1905 4683 1951 4764 (p.
1975 4683 2134 4764 lai-lh),
2159 4681 2270 4764 dmnde

7 4803 114 4882 qualia
134 4802 197 4862 lata
219 4803 350 4862 subierit
371 4801 448 4862 ordo
469 4799 737 4880 metropolitarum
758 4805 791 4858 et
812 4799 1032 4878 episcoporum
1055 4794 1102 4876 (p.
1126 4797 1282 4877 lit-17),
1314 4803 1381 4855 tum
1406 4797 1501 4875 qualis
1522 4795 1616 4860 essct¹
1630 4799 1768 4862 conditio
1797 4819 1833 4861 ac
1860 4801 1940 4862 retio
1964 4801 2216 4881 presbyterorum
2237 4809 2271 4858 et

1 4920 117 4996 ,cultus
141 4917 259 4998 publici
279 4919 326 5000 (p.
341 4919 407 5002 18).
452 4918 512 4980 llic
534 4935 605 4978 cero
622 4922 756 4977 mutatus
777 4916 856 4976 sacri
880 4911 998 4974 ordinis
1022 4919 1119 4973 statos
1143 4912 1326 4973 clericorum
1347 4933 1450 4976 mores
1474 4916 1632 4976 maximam
1650 4925 1768 4996 partem
1788 4919 2012 5012 determinabat
2028 4915 2161 5000 (p.1il);
2181 4917 2269 4995 eique

9 5056 77 5100 non
104 5055 164 5098 uno
186 5036 309 5096 nomine
329 5036 392 5097 rita
413 5032 861 5112 monachorumrespondohat
880 5037 934 5092 aut
954 5019 1204 5092 coruscationes
1226 5049 1297 5090 anae
1319 5031 1470 5105 debehet3
1493 5033 1532 5092 de
1553 5035 1727 5115 qraigitnr
1749 5037 1780 5095 in
1803 5037 1951 5116 proximis
1974 5036 2092 5115 paginis
2113 5031 2269 5112 (hd-21)

13 5155 176 5213 disseram.
223 5149 362 5212 Tandem
382 5151 432 5211 hls
456 5151 599 5211 omnihus
620 5165 689 5208 cum
712 5148 917 5209 ecclesiastici
941 5147 980 5208 de
1003 5147 1098 5210 rebus
1121 5145 1195 5208 frdei
1219 5151 1321 5208 motus
1343 5154 1409 5209 turn
1434 5149 1546 5212 litterae
1568 5170 1663 5214 sacre
1685 5158 1804 5214 certmn
1827 5152 1953 5213 modum
1973 5157 2006 5212 ct
2022 5149 2169 5212 rationem
2188 5149 2269 5210 acci-

12 5273 153 5350 piebant.
197 5269 300 5348 ltaqre
322 5265 433 5326 dehis
455 5267 487 5326 ln
508 5284 576 5346 pag.
599 5261 747 5325 22-23
766 5283 869 5326 sermo
893 5266 963 5324 crit.

186 5387 255 5448 lloc
279 5385 389 5446 ordine
408 5382 442 5444 id
464 5401 593 5462 aeqrnr,
614 5390 649 5444 nt
668 5361 797 5463 singulae
820 5388 924 5462 partes
946 5380 1087 5442 historiae
1108 5387 1209 5442 totum
1232 5383 1367 5462 aliqrod
1372 5388 1538 5467 erganiami
1557 5387 1655 5448 instar
1670 5385 1818 5446 efficiant.
1867 5385 1967 5461 Quum
1992 5389 2096 5446 aetem
2113 5391 2180 5443 acta
2194 5400 2269 5442 con·

18 5507 159 5568 ciliorum
182 5501 354 5586 saepissime
377 5500 435 5564 eim
458 5499 653 5575 landatums,
677 5501 791 5582 passim
814 5518 887 5560 cero
912 5517 972 5560 non
994 5497 1070 5559 levis
1090 5491 1238 5560 moinenti
1261 5501 1303 5560 sit
1324 5502 1423 5578 scire,
1443 5521 1501 5581 qro
1522 5503 1591 5582 ipso
1615 5521 1692 5564 anno
1714 5503 1782 5564 haec
1806 5499 1962 5598 celebrata
1985 5499 2065 5578 sint,
2098 5499 2128 5562 in
2152 5501 2269 5560 ultimee

18 5639 77 5701 pag
79 5623 136 5682 inte
158 5621 232 5702 (24)
256 5620 360 5680 tabula
380 5617 556 5714 gnrissima
578 5636 702 5698 qraeqre
727 5615 858 5680 concilia
880 5633 937 5678 sno
960 5613 1070 5675 ordine
1092 5615 1274 5679 recensebo.

798 5829 1483 5863 *w-
