5002 6366
349 357 430 477 Alia
454 412 587 479 ratione
612 411 783 482 Romano
805 409 1014 480 hierarchia
1043 410 1133 478 ultra
1159 409 1244 480 lines
1272 411 1380 480 ltaliae
1413 421 1609 504 propagata
1642 421 1704 480 est.
1759 411 1803 480 ln
1837 411 1938 480 ltalia
1973 412 2187 508 antistitibus
2206 399 2365 480 Romanis
2388 437 2445 503 pro

213 564 273 610 ara
299 552 333 610 et
359 533 448 612 focis
472 545 708 614 dimicandum
733 525 822 630 erat,
849 569 958 635 neqve
980 545 1087 636 igitur
1112 555 1180 610 tam
1206 545 1450 634 patriarchalia
1472 539 1532 613 sna
1552 545 1635 636 jura
1660 547 1767 629 tueri,
1793 568 1894 636 qvam
1923 545 2106 634 politicum
2133 545 2395 613 adversariorum
2419 559 2448 612 et

212 671 368 742 bostium
387 674 516 766 jugum
543 679 701 772 effugere
728 677 922 747 studebant.
976 677 1048 747 Sed
1074 675 1159 766 ipsis
1183 681 1225 742 ex
1242 671 1472 746 Frsrrcianon
1486 678 1598 745 solum
1614 679 1760 746 hostiles
1783 679 1871 747 nulli
1893 679 2044 768 impetus
2067 677 2253 747 metuendi
2272 687 2372 762 erant,
2395 679 2447 746 scd

213 808 454 898 gravissimum
480 810 515 876 in
541 811 659 880 hostes
686 813 850 881 auxilium
877 810 1103 893 afferebatur,
1139 819 1174 875 et
1200 810 1440 899 opportunitas
1462 795 1564 877 simul
1589 809 1801 878 oflerebatur
1825 812 2070 902 patriarchalia
2096 813 2172 901 ipsa
2193 808 2275 902 jura
2300 811 2371 878 sedi
2391 833 2451 878 sure

213 941 410 1032 arrogandi.
465 943 505 1010 ln
537 943 638 1014 ltalia
677 970 762 1039 gens
786 942 1100 1036 Longobardoront
1127 940 1209 1008 fidei
1238 940 1387 1009 Romani
1415 941 1574 1012 antistitis
1609 943 1753 1010 nonita
1778 945 1888 1012 multo
1915 943 2237 1012 ante-infestissima
2264 945 2388 1025 fuerat3
2423 955 2452 1010 at

445 1305 446 1308 ¹
517 1311 821 1400 conversis‘populis
845 1317 1018 1380 Germaniae

282 1451 453 1516 winifridus,
478 1451 557 1505 nobili
578 1470 672 1521 genere
691 1470 714 1506 c.
732 1470 755 1504 a.
772 1457 825 1505 990
839 1460 934 1519 natos,
961 1454 1021 1505 ritas
1039 1453 1188 1507 monastice
1204 1456 1304 1503 mature

214 1539 352 1609 traditus¹,
367 1545 435 1596 lutra
450 1546 526 1598 breue
544 1553 647 1614 tempos
663 1541 736 1596 tauta
753 1545 822 1596 fama
839 1544 967 1612 inclaruit,
984 1551 1013 1596 ut
1033 1550 1093 1612 post
1110 1545 1168 1608 iter,
1186 1539 1255 1608 qrod
1271 1537 1305 1590 ad

212 1629 313 1684 Frisios
323 1634 519 1701 convertendos,
534 1635 631 1688 frustra
646 1635 759 1702 qridern,
775 1643 936 1702 susceperat,
953 1635 1046 1702 redux,
1062 1633 1242 1702 communibus
1251 1645 1307 1682 mc·

213 1710 356 1776 anchorum
374 1725 505 1792 suffragiis
523 1725 603 1778 abbas
621 1727 770 1794 eligeretur.
806 1727 961 1778 wintfridus
985 1733 1088 1794 autem,
1115 1727 1170 1777 otio
1194 1733 1221 1776 et
1242 1731 1321 1790 pace'

213 1811 274 1864 ritae
297 1814 439 1866 claustralis
463 1831 554 1882 parum
575 1815 736 1883 delectatus,
760 1817 872 1869 Romam
892 1816 926 1869 ad
945 1817 1100 1884 Gregoriuru
1119 1817 1142 1868 ll
1166 1831 1189 1868 c.
1211 1831 1234 1866 a.
1253 1817 1307 1864 rra

212 1904 357 1972 accessit',
377 1907 419 1973 qri
434 1907 457 1957 ei
476 1914 541 1974 ”per
559 1907 740 1958 inconcussam
758 1909 939 1960 auctoritatem
959 1908 991 1960 B.
1011 1907 1098 1976 Petri,
1121 1907 1305 1975 Apostolorum

212 1990 351 2060 Principis,
365 1993 504 2064 precepit,
523 2003 552 2048 ut
562 1995 595 2048 ad
609 2013 771 2067 mmcnnpce
784 2005 888 2066 gentes,
907 1998 1067 2051 infedilitatis
1080 2013 1168 2051 errore
1178 1997 1306 2062 detentas,

214 2097 354 2150 properare
371 2075 539 2152 potuisset”⁸
559 2105 604 2140 eas
620 2087 710 2141 sedulo
726 2089 876 2155 religionem
893 2088 1014 2152 doceret,
1031 2097 1057 2142 et
1075 2088 1126 2141 ”ad
1144 2106 1190 2142 eos
1205 2086 1307 2140 initian-

213 2172 262 2226 dos
277 2174 439 2245 disciplinam
455 2181 608 2232 sacramenti
627 2196 660 2230 cs
669 2181 790 2245 formula
800 2181 950 2247 officiorum
966 2188 1064 2233 sanctae
1077 2180 1307 2247 sedisapostolicae

214 2269 411 2334 sereniores
426 2269 603 2336 observaret),
628 2271 791 2336 reliqriarum
809 2287 870 2324 tero
891 2272 1022 2337 ingentem
1043 2288 1179 2325 numerum
1196 2273 1219 2324 ei
1236 2269 1306 2322 donc

213 2355 296 2410 dedit.
317 2357 418 2412 =llisee
432 2359 576 2412 instructus
597 2377 643 2428 per
659 2359 843 2414 Lombardiam
864 2369 891 2415 et
906 2361 1042 2416 Barariam
1058 2360 1230 2426 Thuringiam
1247 2357 1305 2411 risi-

213 2448 293 2512 tasit,
310 2447 357 2500 sed
366 2486 376 2516 ,
393 2445 443 2502 hac
458 2451 529 2502 breti
544 2459 605 2518 post
625 2450 729 2514 relicta,
752 2449 867 2504 Frisium
881 2454 959 2520 adiit,
974 2456 1022 2506 ubi
1037 2456 1086 2507 sub
1104 2452 1227 2520 auspiciis
1241 2447 1305 2503 Wil-

213 2539 328 2592 lebrordi
353 2539 423 2605 (sid.
440 2558 465 2608 p.
482 2540 519 2608 9)
540 2557 587 2608 per
610 2549 664 2593 tres
686 2556 767 2594 aanor
788 2540 907 2599 docebat.
953 2546 1093 2612 Posrqum
1118 2541 1213 2596 deinde
1238 2542 1305 2594 later

213 2627 329 2683 lissaios
344 2631 495 2698 religionem
511 2633 575 2686 satis
596 2649 719 2702 prospere
742 2634 952 2703 predicarisset,
978 2644 1005 2689 et
1023 2631 1305 2711 monasteriumqrod

214 2717 274 2772 dam
293 2720 468 2788 condidisset,
484 2721 608 2789 liinnam,
627 2727 747 2778 comitem
769 2741 861 2791 suum,
878 2743 937 2778 cunr
957 2727 1049 2779 litteris
1065 2725 1098 2779 ad
1114 2725 1269 2790 Gregorium
1282 2723 1305 2775 ll

213 2811 292 2863 misit.
333 2812 386 2865 Hic
406 2797 635 2882 ipsum,'liomam
652 2823 801 2883 evocatum,
817 2817 900 2886 pridie
916 2818 973 2870 Cal.
989 2819 1112 2872 Decemb.
1131 2835 1153 2869 a.
1172 2819 1224 2868 72³
1238 2815 1306 2882 epis-

173 2928 179 2938 ·
214 2915 310 2967 copum
325 2902 471 2973 ordinarit,
487 2907 615 2962 Iieuifacii
631 2913 735 2972 nocuus
754 2911 870 2976 ornavit,
884 2916 911 2963 st
927 2911 1016 2962 multis
1031 2910 1125 2962 litteris
1141 2907 1306 2960 commenda-

213 2989 283 3042 liciis
298 2991 453 3050 instructum
476 2999 570 3052 iterum
586 3001 611 3053 in
627 3001 790 3054 Germaniam
807 3003 884 3054 misit.
922 3001 1040 3053 Primum
1059 3000 1140 3064 igitar
1154 2998 1305 3050 bonifacius

214 3080 338 3136 Carsium
355 3085 506 3142 Marteilum
524 3089 603 3154 adiit,
629 3091 675 3146 sed
692 3094 725 3146 ab
744 3109 775 3146 eo
796 3093 897 3160 minus,
921 3109 995 3161 qaam
1014 3092 1104 3158 veliet,
1131 3089 1252 3156 tilium»
1278 3089 1305 3139 3¹1

162 3247 167 3252 η
212 3172 335 3230 Bassiana
350 3193 469 3234 resersus
484 3189 540 3247 est,
558 3183 601 3234 ubi
619 3200 756 3250 qrercum,
773 3186 871 3237 numiui
890 3183 994 3238 cuidam
1008 3198 1125 3248 sacram,
1139 3179 1253 3241 excidit,
1278 3186 1305 3232 et

213 3263 297 3324 sedem
314 3281 414 3321 sacram
434 3274 573 3324 exstruxit.
615 3275 679 3328 lnde
700 3274 879 3354 mauringam
903 3276 993 3342 petiit,
1020 3275 1065 3326 uhi
1089 3274 1185 3326 multos
1203 3272 1304 3324 labores

213 3355 241 3408 ie
255 3359 396 3424 gentilibus
413 3362 594 3414 convertendis
609 3371 637 3416 et
655 3365 740 3432 falsis,
769 3381 832 3432 qves
856 3364 1022 3433 perhibebat,
1049 3365 1201 3420 doctoribus
1219 3361 1305 3416 redar-

213 3447 326 3512 guendis
341 3452 473 3504 sustinuit.
509 3453 565 3505 Sub
581 3455 708 3522 Gregorio
719 3455 754 3508 lll
768 3455 1160 3525 archiepiscoposrenuntiatus,
1176 3457 1201 3510 io
1212 3455 1306 3509 llassia

214 3537 288 3596 binas
303 3538 373 3593 sedes
385 3559 472 3594 sacras
489 3551 515 3594 et
532 3547 686 3598 monasteria
705 3550 865 3609 exstnrxiti,
885 3547 931 3602 sed
952 3549 1146 3600 interlineares
1163 3555 1222 3615 post
1238 3563 1306 3600 mor·

215 3633 269 3682 tem
286 3629 436 3686 Corbiuiaoi
454 3631 486 3698 (†
498 3637 557 3700 tto.
577 3634 626 3686 rid.
647 3654 673 3705 p.
692 3637 721 3703 9)
736 3635 805 3690 haud
824 3639 860 3690 lta
876 3639 1001 3691 feliciter⁰
1021 3638 1118 3690 docnir.
1145 3641 1237 3691 1738
1252 3639 1307 3690 llo·

214 3733 283 3779 mm
298 3723 404 3794 tertiom
420 3726 551 3800 perrexit,
576 3726 659 3794 unde,
687 3729 780 3782 litteris
799 3729 1020 3782 commendaticiis
1035 3737 1061 3781 et
1078 3729 1189 3797 reliquiis
1207 3747 1222 3782 a
1240 3731 1304 3781 Gre-

213 3811 289 3878 gorio
304 3811 340 3866 111
358 3815 516 3883 instructus,
538 3816 563 3870 ia
575 3817 710 3872 Bovarium
725 3820 819 3886 rediit,
839 3837 923 3888 qr'am,
940 3822 1068 3888 superatis
1085 3821 1236 3874 doctoribus
1252 3837 1304 3874 nou

213 3902 251 3958 ita
266 3906 371 3975 paucis,
395 3909 486 3977 aliter,
504 3917 580 3977 atqve
594 3911 645 3978 ipsi
661 3911 773 3979 placuit,
803 3913 954 3978 religionem
970 3912 1148 3977 tradentibus,
1164 3930 1186 3964 a.
1203 3917 1254 3964 739
1277 3913 1303 3964 in

214 4002 324 4060 qratuor
346 3996 479 4053 dioeceses
502 3999 603 4067 divisit,
631 4001 778 4056 lovarieosi
800 4001 962 4064 iohannem,
989 4003 1147 4070 Frisingensi
1167 4003 1303 4056 lirember·

214 4093 287 4148 tum,
312 4089 494 4144 Ratisbonensi
511 4093 697 4160 Garibaldum,
716 4095 878 4148 Passoviensi
899 4095 1051 4146 liliniloncm
1071 4097 1221 4162 episcopum
1239 4112 1303 4163 prae·

213 4175 312 4228 ficiens.
354 4180 450 4232 Postea
465 4183 491 4233 in
507 4191 618 4248 qratoor
638 4186 785 4238 civitatibus
804 4187 904 4237 Hassiae
921 4194 949 4238 et
968 4183 1135 4253 Thuringiae,
1154 4204 1209 4252 qrae
1225 4185 1304 4238 hodie

213 4262 374 4340 Eichstaedt,
391 4271 556 4340 Wtiraburg,
580 4275 719 4340 Btiraburg
734 4261 868 4336 etEriurt
886 4277 1064 4340 nominantur,
1087 4279 1225 4344 episcopos
1241 4294 1303 4329 oon-

214 4356 308 4421 stituit,
323 4367 350 4410 et
365 4365 548 4416 monasterium
559 4365 708 4432 Fuldease,
728 4368 771 4418 cui
782 4368 925 4418 sturmium
939 4368 1063 4434 prefecit,
1081 4383 1104 4416 a.
1114 4369 1165 4418 741
1175 4365 1300 4418 condidit.

213 4443 358 4500 Undecimo
374 4466 440 4504 anno
459 4459 518 4520 post
538 4456 563 4507 in
582 4455 691 4508 i'risism
713 4457 862 4523 contendit,
889 4459 946 4524 ubi,
975 4459 1063 4510 attritis
1086 4457 1198 4508 millibus
1219 4453 1300 4509 homi-

213 4553 275 4590 nurn
300 4541 452 4607 baptisatis,
479 4545 617 4598 Eobsuum
641 4548 756 4612 Trajecti
781 4550 932 4617 episcopum
951 4549 1107 4607 constituitr
1132 4561 1193 4599 moa
1214 4555 1300 4600 antem

213 4633 270 4698 ipse
285 4645 345 4682 cum
362 4634 499 4685 comitibus
516 4637 698 4704 qvinqsaginta
714 4641 827 4690 tribues
846 4642 953 4706 paganis
974 4637 1119 4690 trucidatus
1136 4645 1183 4690 est.

282 4721 382 4774 Pt'teter
401 4723 564 4778 Bonifacium
585 4729 627 4780 alii
649 4745 748 4794 qvoqts
770 4729 816 4780 riri
843 4728 875 4780 de
899 4731 1023 4797 religione
1047 4731 1214 4798 propaganda
1235 4734 1300 4788 bene

213 4823 376 4882 merueruot;
401 4832 465 4882 qvos
483 4818 550 4868 inter
566 4815 697 4871 nominare
713 4827 816 4885 oportet
837 4821 1008 4872 Adulterium
1026 4828 1052 4873 et
1072 4823 1241 4892 Clementem,
1267 4825 1301 4878 ds

213 4903 305 4970 quibus
320 4905 345 4957 in
363 4923 423 4976 pag.
438 4911 552 4959 ³2-83
571 4907 727 4975 disseretur,
752 4918 778 4962 et
802 4909 973 4976 Pinnias'nm,
1000 4913 1042 4977 qvi
1061 4913 1129 4964 inter
1146 4915 1300 4978 Alamannos

213 4995 276 5047 satis
294 4995 407 5050 dextre⁷
426 4997 570 5051 doctrinam
588 4996 686 5051 Christi
703 4999 893 5052 disseminabat.
935 5002 964 5052 lo
981 5005 1107 5055 tractibus
1121 5001 1199 5069 hujus
1214 5009 1300 5074 gentis

213 5084 265 5136 duo
283 5089 398 5156 episcopi
414 5091 541 5155 Augustae
557 5096 584 5141 et
602 5090 762 5144 Constantine
780 5089 868 5143 sedem
886 5088 1023 5145 habebant.
1065 5093 1118 5146 Sed
1135 5096 1239 5152 difficile
1259 5109 1301 5153 eat

209 5168 314 5236 iustam
324 5179 356 5232 de
371 5179 474 5248 reiiqris
491 5179 627 5254 religionis¹
641 5180 802 5249 praeconibus
818 5181 885 5233 ferre
899 5184 1069 5250 sententiam,
1085 5187 1228 5257 siquidem,
1245 5209 1301 5258 qma

213 5267 247 5320 ds
265 5269 296 5320 iis
313 5269 407 5324 tradita
423 5279 500 5336 sunt,
514 5280 542 5324 et
561 5289 643 5339 panea
658 5280 736 5333 sunt,
757 5269 850 5324 attide
866 5267 1060 5342 parum'digna.
1093 5279 1206 5332 Omnino
1221 5283 1300 5336 fleni-

213 5360 295 5410 iacius
311 5367 382 5411 tanta
398 5359 503 5415 honoris
515 5363 637 5430 cupidine
651 5363 824 5416 inflammatus
838 5371 908 5429 erat,
928 5373 956 5416 ut
972 5382 1021 5418 oon
1041 5367 1171 5424 dubitaret
1185 5374 1299 5439 optimos

213 5462 325 5519 qsosqve
344 5447 479 5521 doctores,
503 5455 587 5506 sirei
611 5455 637 5506 in
663 5455 797 5508 levissimis
813 5457 890 5507 rebus
914 5438 946 5508 ab
970 5457 1026 5525 ipso
1049 5459 1231 5529 dissentirent,
1259 5465 1298 5516 rel

214 5543 283 5607 pari,
298 5551 375 5606 atqve
390 5544 425 5608 is,
450 5544 526 5597 laude
543 5545 678 5608 florerent,
695 5544 903 5599 foedissimorum
922 5563 1079 5616 qt'orumqre
1099 5552 1233 5604 criminum
1254 5570 1298 5620 po·

213 5633 322 5694 stolare3
340 5637 373 5686 de
388 5651 438 5699 qro
454 5648 523 5686 mox·
534 5633 644 5687 dicetur.

1841 1150 2020 1236 Qv¹i
2107 1152 2455 1222 fuerit

1690 1315 1721 1377 4.
1749 1315 1781 1376 in
1804 1313 1968 1376 Germania
1991 1315 2141 1376 instituta.

1439 1449 1468 1501 ln
1483 1445 1524 1502 his
1543 1451 1669 1504 tractibus
1687 1452 1851 1503 Germanicis
1868 1451 1990 1504 Romana
2012 1447 2157 1504 hierarchia
2182 1465 2228 1519 per
2247 1449 2405 1504 Bonifscium
2421 1450 2454 1501 in.

1369 1541 1461 1593 stituta
1481 1549 1509 1593 st
1532 1541 1606 1594 valde
1630 1543 1782 1594 confimata
1805 1549 1854 1593 est.
1905 1543 2021 1594 Ριίιιιιιιιι
2043 1539 2086 1593 hic
2108 1559 2142 1594 ea
2167 1543 2317 1608 Britannia,
2343 1540 2454 1607 potestati

1371 1632 1521 1699 pontificum
1543 1633 1719 1685 Romanorum
1738 1633 1799 1684 olim
1820 1630 2014 1698 addictissima,
2042 1633 2168 1686 oriundus
2191 1641 2255 1685 erat.
2294 1632 2357 1686 ttae
2381 1639 2454 1684 tamen

1371 1722 1426 1774 sola
1447 1725 1512 1775 ratio
1534 1720 1604 1776 haud
1621 1725 1707 1792 potuit
1727 1722 1783 1776 sedi
1799 1723 1925 1774 Rornauae
1947 1720 2126 1792 patriarchalia
2142 1725 2168 1778 in
2185 1726 2325 1778 Germania
2346 1723 2403 1788 jura
2420 1739 2459 1790 pa-

1371 1828 1442 1874 rares
1470 1813 1596 1880 siqnidem
1618 1822 1645 1866 et
1661 1813 1795 1881 probabile
1811 1821 1868 1879 est,
1897 1829 1947 1866 non
1969 1831 2059 1867 omnes
2078 1816 2218 1869 Britannos
2242 1833 2292 1882 ea,
2315 1817 2365 1882 cri
2382 1822 2456 1880 antu,

1371 1905 1515 1956 reverentia
1525 1901 1591 1958 hanc
1602 1903 1690 1957 sedem
1708 1911 1860 1971 prosecutos
1870 1905 1950 1957 fuisse
1959 1907 1997 1972 (p.
2005 1909 2031 1973 ³,
2044 1907 2092 1958 col.
2102 1905 2140 1971 5),
2156 1913 2183 1958 et
2199 1914 2299 1960 certum
2313 1913 2361 1966 est,
2378 1919 2456 1957 eornm

1353 1996 1412 2061 ,qvi
1430 2011 1464 2047 ex
1486 1993 1535 2047 bae
1556 1997 1640 2048 insula
1658 1995 1682 2046 in
1701 1996 1865 2048 Gennaniam
1885 1996 2037 2062 religionem
2057 1997 2176 2050 tradendi
2200 2014 2280 2050 eausa
2304 1996 2457 2062 traiecerant,

1372 2101 1422 2137 non
1439 2102 1528 2140 ornnes
1544 2087 1664 2138 absoluto
1683 2085 1727 2138 illo
1743 2087 1853 2138 Romani
1873 2085 2027 2154 patriarcha
2044 2089 2169 2154 obsequio
2189 2089 2281 2157 plenos
2300 2089 2379 2144 fuisse
2394 2090 2457 2154 (pag.

1370 2180 1464 2244 seqv.).
1500 2179 1648 2232 Accedebat
1664 2185 1751 2230 autem
1770 2194 1870 2230 summa
1890 2180 1916 2232 io
1932 2181 2067 2232 Bonifacio
2090 2176 2198 2232 honoris
2221 2187 2300 2247 atqve
2318 2181 2406 2246 gloriae
2420 2196 2456 2230 cu-

1370 2267 1450 2334 pido,
1466 2285 1515 2335 qva
1533 2270 1652 2341 incensos
1668 2267 1778 2320 liontam
1795 2285 1819 2320 s.
1835 2275 1888 2321 719
1907 2270 1986 2332 adiit,
2009 2277 2044 2323 ut
2063 2270 2150 2323 ’taedis
2168 2273 2323 2338 apostolicos
2343 2272 2455 2323 Romans

1372 2356 1496 2423 legatus”
1506 2359 1677 2425 mnuntiatus,
1686 2359 1776 2424 majori
1787 2357 1913 2426 dignitate
1923 2370 2066 2416 ornaretur.
2088 2361 2156 2413 ilinc
2166 2360 2245 2422 idem,
2256 2359 2457 2431 archiepiscopus

1371 2447 1543 2515 Mognntinus
1552 2466 1567 2500 a
1577 2449 1737 2517 principibus
1747 2449 1864 2502 Francia
1875 2453 2059 2521 constitutast,
2077 2471 2105 2514 se
2118 2454 2264 2506 altomano
2274 2453 2391 2506 antistite
2406 2467 2457 2504 con

1369 2539 1464 2590 firmari
1476 2555 1568 2606 passus
1579 2541 1652 2602 ειμι
1668 2555 1750 2607 nsqrs
1763 2540 1892 2595 dubitarit
1903 2542 1965 2597 huic
1976 2553 2138 2598 sacramento
2152 2561 2246 2622 pomen
2264 2561 2343 2599 suum
2358 2543 2457 2595 subscri

1370 2630 1445 2684 berea
1466 2628 1610 2700 ”promitto
1626 2647 1677 2698 ego
1697 2633 1759 2699 tibi,
1775 2633 1857 2687 Beate
1871 2632 1964 2690 Petrei
1992 2645 2018 2689 et
2034 2637 2137 2689 Vicario
2156 2644 2217 2704 tuo,
2237 2635 2325 2690 Beato
2340 2633 2457 2700 Gregorio

1369 2727 1397 2774 et
1412 2724 1606 2791 suecessoribus
1624 2723 1698 2788 ejus,
1722 2739 1763 2776 me
1778 2725 1863 2791 jldsm
1880 2733 1907 2779 et
1928 2727 2073 2795 parcitatem
2095 2745 2179 2781 menni
2200 2737 2227 2782 et
2246 2743 2401 2782 mnenrsnm
2417 2723 2458 2777 tili

1370 2820 1395 2865 et
1411 2813 1573 2866 utilitatibus
1588 2821 1641 2868 tuse
1656 2813 1789 2882 ecclesiis,
1817 2817 1858 2868 cui
1880 2818 2022 2870 aDomino
2043 2821 2099 2872 Deo
2121 2806 2237 2888 potestas
2258 2817 2357 2886 ligandi
2376 2824 2402 2870 et
2415 2815 2457 2868 sol·

1370 2904 1445 2956 vendi
1461 2904 1521 2957 data
1539 2912 1594 2971 est,
1610 2914 1638 2958 et
1652 2906 1779 2978 praedicto
1792 2906 1895 2960 Vieario
1914 2915 1960 2960 tuo
1974 2910 2080 2975 elusere
2096 2912 2298 2964 momentana
2311 2929 2362 2979 per
2379 2907 2456 2960 omnic

1370 2995 1571 3049 estititarum’t
1613 2997 1690 3050 Qrod
1714 3005 1800 3050 autem
1816 3013 1845 3050 ae
1862 2999 1992 3050 facturum
2012 3015 2070 3052 esse
2092 3002 2264 3071 promiserat,
2285 3003 2312 3055 ld
2332 3001 2457 3068 diiigenter

1371 3087 1506 3155 prestitit,
1526 3102 1577 3140 nou
1596 3089 1680 3142 minus
1699 3095 1785 3141 tamen
1807 3105 1864 3140 sure
1879 3087 2016 3157 dignitati,
2036 3080 2112 3158 grain
2132 3091 2246 3146 Romani
2265 3093 2391 3145 antistitis
2407 3107 2457 3142 ane-

1370 3177 1469 3230 toritati
1498 3181 1604 3246 egregie
1626 3180 1772 3232 consulens.
1822 3180 1871 3240 lta,
1885 3182 1935 3233 sub
1957 3183 2062 3235 uomina
2088 3185 2200 3237 Romani
2222 3186 2352 3238 antistitis
2373 3180 2458 3236 chorii

1370 3283 1448 3320 noras
1472 3271 1608 3322 constitnit
1633 3269 1709 3322 sedes
1730 3271 1905 3338 episcopales,
1929 3281 2006 3338 atqve
2027 3279 2057 3324 ut
2085 3271 2127 3325 has
2153 3276 2287 3342 ”propria
2312 3275 2458 3328 anctoritate

1369 3365 1396 3412 ot
1413 3355 1503 3412 charta
1517 3361 1679 3428 apostolatus
1696 3359 1830 3414 Zacharias
1852 3363 2042 3416 solonas-enter
2062 3372 2089 3416 et
2112 3367 2365 3434 confirmatorium,
2391 3366 2458 3418 enixe

1368 3450 1468 3514 rogarit
1487 3449 1587 3516 (ilerd.
1604 3452 1653 3515 lll,
1669 3468 1694 3518 p.
1720 3453 1811 3516 ists).
1853 3453 1898 3504 Sic
1916 3453 1994 3506 etism
2018 3457 2203 3508 morrasterium
2221 3457 2375 3524 Fnldense,
2400 3471 2456 3508 ase

1369 3541 1520 3610 conditum,
1536 3539 1668 3595 Zacharias
1683 3543 1802 3610 regimini
1822 3545 1952 3597 commisit
1967 3545 2071 3610 (Bonif.
2097 3563 2138 3614 ep.
2159 3549 2217 3598 141.
2246 3533 2337 3616 143),
2355 3546 2457 3615 synodos

1369 3627 1477 3697 habult,
1493 3633 1519 3684 in
1535 3635 1627 3700 quibus
1643 3648 1699 3699 qvas
1715 3635 1944 3700 constituerentur,
1960 3633 2094 3689 Zachariae
2106 3639 2208 3704 judicio
2224 3642 2389 3706 relinqrebat
2404 3639 2458 3704 (lio-

1369 3722 1414 3774 nif.
1435 3737 1477 3788 ep.
1501 3723 1581 3789 1111),
1606 3737 1696 3775 ornnes
1717 3724 1994 3790 deniqne-Germaniae
2014 3727 2152 3796 episcopos
2174 3731 2290 3782 Romam
2315 3726 2458 3798 patriarcha

1369 3814 1492 3880 potestati
1509 3813 1649 3866 solenniter
1665 3816 1689 3868 iu
1710 3815 1811 3882 errando
1826 3816 1952 3885 subjecit,
1978 3819 2046 3886 qvod
2063 3820 2161 3887 ipsein
2180 3821 2259 3890 epist.
2278 3827 2331 3876 105
2348 3822 2381 3875 ad
2397 3819 2457 3872 Cnd

1369 3904 1486 3970 bertum,
1511 3902 1625 3972 archiep.
1642 3905 1781 3971 Gautuaa,
1805 3904 1847 3958 his
1865 3911 1950 3962 serbis
1966 3911 2104 3976 exprimite
2129 3911 2315 3967 ”decrerimus
2337 3923 2421 3966 antem
2436 3913 2456 3962 in

1368 4001 1458 4045 nostro
1474 3995 1593 4060 synodali
1609 4004 1736 4048 contentu
1755 4005 1781 4049 et
1801 4000 1911 4051 confessi
1934 4015 2024 4054 sumus
2034 4038 2113 4054 .....
2131 4003 2321 4066 subjectionem
2340 4006 2457 4056 flemene

1368 4085 1483 4146 ecelesiae
1501 4087 1551 4138 line
1569 4093 1644 4140 tenus
1661 4089 1719 4140 ritas
1736 4096 1832 4142 nostre
1844 4090 1908 4140 selle
1924 4106 2025 4144 semare
2039 4089 2122 4168 Beato
2132 4094 2225 4160 Petro,
2245 4103 2273 4148 et
2290 4077 2391 4148 sicario
2410 4097 2458 4160 <jus

1368 4175 1433 4226 velle
1450 4177 1557 4244 subjici,
1576 4217 1655 4231 .....
1685 4181 1898 4248 metropolitanos
1913 4182 1989 4248 pallia
2006 4183 2039 4234 ab
2060 4184 2102 4236 illa
2123 4183 2185 4238 sede
2201 4187 2268 4240 telle
2285 4203 2413 4254 quaerere,
2436 4193 2457 4234 ei

1369 4283 1414 4333 per
1430 4270 1517 4320 omnia
1532 4278 1663 4338 praecepta
1679 4269 1750 4322 Petri
1769 4271 1891 4324 canonice
1907 4273 1977 4338 seqvi
1996 4271 2158 4344 desiderare,
2188 4283 2215 4328 nt
2238 4276 2313 4332 inter
2333 4295 2394 4330 ores
2415 4275 2456 4326 sibi

1343 4369 1345 4374 “
1367 4357 1560 4412 commendatas
1578 4375 1752 4414 numeremur.
1788 4361 1825 4413 Et
1846 4363 1889 4414 isti
1912 4365 2069 4417 confessioni
2084 4367 2201 4420 universi
2224 4370 2418 4431 consensimus,
2436 4373 2457 4416 ti

1366 4449 1575 4516 subscripsimus,
1591 4459 1618 4502 et
1632 4451 1664 4504 ad
1673 4441 1768 4520 corpus
1779 4445 1861 4504 sancti
1870 4453 1953 4520 Petri,
1969 4455 2091 4524 principis
2105 4453 2295 4528 apostolorum,
2313 4459 2456 4518 direximus,

1366 4539 1433 4605 qvod
1449 4537 1606 4605 gratulando
1622 4541 1706 4594 clerus
1723 4549 1750 4596 et
1766 4543 1883 4610 pontifex
1901 4543 2035 4600 Romanus
2054 4549 2197 4616 suscepit'’.
2228 4551 2291 4603 Huc
2311 4552 2389 4604 etiarn
2407 4563 2455 4618 per·

1365 4631 1446 4693 tinet,
1462 4630 1530 4696 qvod
1541 4631 1698 4696 Gregorium
1714 4632 1751 4684 lll
1767 4632 1800 4686 de
1810 4633 1888 4687 modo
1904 4637 2026 4703 baptisari
2039 4637 2208 4706 interrogarit
2222 4643 2289 4706 (vid.
2301 4661 2327 4710 p.
2338 4639 2454 4701 82-33),

1363 4719 1514 4772 Zachariam
1531 4721 1564 4773 de
1580 4722 1697 4790 plurimis
1711 4724 1790 4777 rebus
1806 4725 1978 4779 ecciesssncts
2001 4727 2132 4782 consciuit
2152 4731 2205 4800 (ep.
2230 4737 2314 4801 149),
2341 4742 2367 4788 et
2385 4733 2455 4786 falsos

1364 4811 1484 4864 doctores
1500 4813 1592 4866 nome
1607 4811 1677 4868 haud
1697 4815 1777 4870 semel
1793 4819 1937 4870 accessesit
1955 4817 2026 4880 (rid.
2043 4837 2069 4888 p.
2088 4823 2223 4890 isa-³³).
2259 4825 2364 4879 (ivibus
2380 4823 2453 4876 omoi-

1365 4906 1415 4956 bus
1427 4907 1526 4956 fastum
1541 4914 1596 4972 est,
1613 4913 1643 4958 ut
1658 4906 1791 4960 ἢοιιιιιιιιιε
1808 4908 1939 4975 pontifex,
1961 4909 2098 4964 vindicatis
2117 4913 2167 4966 sibi
2183 4914 2293 4979 juribus
2308 4913 2455 4986 patriarcha

1365 4993 1531 5062 Occidentis,
1554 5011 1606 5048 noo
1629 4997 1714 5049 solum
1733 4999 1803 5064 leges
1819 5000 1845 5052 ia
1861 5001 1999 5062 Germania
2015 5003 2108 5068 ferret,
2132 5001 2183 5056 boc
2200 5008 2298 5062 iterum
2319 5011 2455 5072 iterumque

1365 5085 1499 5138 Bonifacio
1525 5086 1663 5152 mandans,
1688 5089 1807 5141 omnibns
1835 5067 2036 5158 predicandum'
2054 5108 2193 5162 omnesqre
2214 5096 2368 5154 docendum
2395 5113 2454 5154 esse.

1364 5175 1416 5228 ”cr
1432 5175 1528 5246 regulo
1548 5177 1866 5251 catholicoe‘troditianis,
1885 5197 1960 5249 poena
1976 5199 1994 5236 n
2010 5191 2103 5236 sancto
2120 5185 2241 5241 Romana
2258 5192 2373 5244 eeclesia
2387 5207 2453 5242 oceo·

1361 5275 1456 5334 persat’*
1467 5267 1554 5336 (resp.
1569 5265 1651 5334 Zach,
1665 5267 1699 5322 ad
1715 5269 1802 5323 Bonif.
1818 5287 1859 5338 ep.
1875 5270 1957 5324 Hard.
1976 5269 1992 5326 Ι.
2009 5291 2032 5326 c.
2050 5291 2075 5342 p.
2092 5280 2301 5350 loto-ists),
2317 5283 2365 5336 sed
2381 5281 2453 5334 stiam

1365 5375 1455 5412 causas
1473 5359 1662 5413 ecclesiasticas
1680 5376 1727 5412 suo
1741 5359 1841 5426 judicio
1859 5360 1978 5416 deliniret
1994 5367 2065 5434 (pag.
2085 5365 2201 5434 311-39)
2216 5380 2243 5424 et
2254 5374 2287 5425 ‘in
2306 5375 2392 5426 causis
2408 5375 2452 5422 cle·

1365 5451 1486 5516 ricorum,
1503 5452 1544 5516 qvi
1560 5450 1594 5503 ad
1611 5452 1696 5542 ipsum
1715 5452 1894 5519 appellabant,
1909 5454 1954 5519 lus
1970 5454 2068 5510 diceret
2084 5459 2178 5528 (ibid).
2214 5463 2306 5532 ltaqve
2324 5465 2452 5518 Romanus

1361 5543 1470 5594 antistes
1485 5559 1620 5610 supremus
1641 5541 1809 5604 semensas
1822 5545 1938 5597 ecelesiae
1951 5546 2036 5609 judas
2054 5551 2138 5607 faetus
2158 5562 2205 5607 est.
