4986 6384
592 382 1252 455 Hierarohia
1336 381 1758 452 Romanae
1847 335 2138 455 sedis

855 568 884 642 e)
913 581 974 624 nou
1000 569 1102 624 tamen
1130 563 1162 624 ln
1187 557 1340 624 fredrico
1368 561 1502 642 imperio
1527 561 1626 648 plane
1647 560 1767 624 sublata
1795 571 1872 624 erat.

355 721 453 774 lateres
471 723 556 770 tarneu
574 714 647 784 plura
662 713 800 778 faciebant,
818 717 848 764 nt
862 702 972 767 nominis
988 714 1098 768 Romani
1112 714 1254 768 reuerentia
1269 713 1295 766 in
1311 713 1436 766 Fraucico
1455 713 1563 782 imperio
1582 709 1653 766 haud
1672 712 1747 781 plane
1766 711 1891 766 interiret.

357 827 381 876 l.
411 821 446 874 lit
457 820 565 890 primum
575 818 676 886 quidem
686 815 983 886 bnjmsedispontisteea
995 832 1121 883 nunquam
1135 817 1346 880 intermittebant,
1356 817 1413 884 quin
1427 813 1493 870 hanc
1502 815 1643 884 grandibus
1654 816 1738 869 uerbis
1749 815 1776 868 ia
1788 817 1888 870 coelum
1902 817 2028 870 tollerent
2050 817 2156 872 Scilicet
2165 815 2280 874 homines
2288 824 2453 886 ambiacensis.

253 893 369 964 repetitis
386 891 502 944 assentiri
521 889 611 942 soleat.
647 888 687 940 lta
704 887 845 950 Gregorius
866 886 892 937 iu
907 885 1015 952 epistola
1031 886 1082 939 ”ad
1097 888 1232 954 episcopos
1248 887 1319 952 regni
1338 887 1524 950 Francorum’,
1542 902 1615 952 qaam
1632 887 1754 954 opposuit
1770 883 1860 940 horum
1880 888 1980 954 litteris,
2000 905 2024 954 p.
2042 893 2076 940 er
2095 904 2133 941 nr.
2153 893 2167 940 l
2185 897 2390 959 commemoratis,
2411 915 2453 954 nn-

253 963 387 1018 leatisslme
401 961 509 1025 ferebat,
525 957 591 1025 quod
609 959 693 1024 ipsum
709 957 798 1008 Galliae
815 955 929 1023 episcopi
946 957 1065 1008 ‘’fratuesn
1082 963 1108 1009 et
1125 964 1243 1023 papam”,
1262 972 1351 1022 neque,
1369 957 1405 1008 uti
1421 958 1506 1024 uellet,
1521 963 1670 1024 ”paternam
1679 957 1863 1009 reuerentiem’·
1872 958 2038 1026 appellarant.
2073 957 2219 1012 Admodum
2228 961 2303 1014 etism
2313 962 2386 1031 dolet,
2399 972 2454 1034 quan

241 1034 383 1094 dixerant,
400 1029 556 1104 '’jussionem
572 1028 729 1094 imperialem
747 1024 884 1092 pontificali
901 1025 1056 1091 praeuenire’t
1071 1039 1102 1074 os
1120 1023 1209 1092 nsay'ori
1225 1027 1248 1076 vi
1264 1032 1290 1077 et
1308 1027 1434 1078 auctorite
1450 1043 1521 1087 essee
1542 1026 1609 1093 qvod
1627 1026 1702 1078 sdcus
1717 1043 1746 1078 ae
1761 1023 1855 1079 habere
1872 1029 1990 1080 affirmat.
2025 1027 2063 1079 Et
2077 1029 2127 1081 alia
2144 1029 2224 1080 multa
2242 1027 2283 1083 hia
2297 1033 2391 1102 similla,
2410 1055 2455 1104 pun

252 1103 324 1164 talit,
350 1099 422 1168 quale
440 1096 490 1151 hoe
507 1105 562 1152 est:
594 1098 637 1150 ”iu
660 1103 758 1148 tantam
776 1101 861 1147 autem
878 1091 1028 1146 honoranda
1045 1103 1085 1148 est
1102 1092 1225 1148 cathedra
1242 1095 1410 1163 pontificalis,
1429 1103 1456 1147 et
1472 1101 1577 1163 propter
1594 1093 1741 1148 cathedram
1759 1095 1851 1148 sedens
1867 1097 1891 1148 in
1907 1096 1967 1163 illa,
1992 1103 2022 1148 ut
2044 1097 2122 1150 etiam
2145 1097 2178 1150 de
2200 1097 2298 1165 Calpha
2308 1137 2385 1156 .....
2399 1105 2454 1160 dieat

251 1171 420 1238 euangelistae
438 1165 506 1222 ”hoe
522 1173 608 1222 autem
624 1183 640 1220 a
654 1166 792 1231 semetipso
809 1179 859 1235 nou
875 1162 951 1230 dixit,
968 1163 1015 1216 sed
1030 1181 1109 1230 quum
1127 1173 1195 1218 esset
1213 1165 1328 1232 pontifex
1347 1166 1405 1218 anui
1422 1165 1498 1230 illius,
1516 1162 1679 1234 prophetarit
1696 1173 1764 1218 etc.”
1799 1163 1876 1218 Unde
1886 1171 1996 1228 comtat,
2014 1167 2092 1219 etiarn
2109 1167 2216 1234 impium
2232 1167 2355 1236 caipham
2368 1189 2409 1239 pro
2424 1184 2455 1229 ter

213 1267 217 1280 ι
251 1239 398 1298 cathedram
414 1236 568 1290 honoratum
584 1251 642 1288 esse
657 1231 818 1303 prophetin”,
838 1233 877 1284 uel
895 1229 958 1286 hoc:
980 1241 1080 1300 ”neque
1099 1236 1218 1300 ignorare
1236 1235 1391 1297 debueratis,
1416 1233 1499 1300 sunjus
1521 1251 1579 1286 esse
1602 1249 1711 1300 regnum
1732 1233 1883 1296 animarum,
1907 1235 1975 1300 quod
2000 1243 2041 1288 est
2062 1237 2218 1305 pontificale,
2240 1255 2315 1304 quam
2339 1242 2456 1310 impensis,

251 1309 319 1380 quod
336 1316 378 1362 est
394 1306 562 1375 temporales.
597 1304 690 1357 Exstat
707 1319 805 1370 quoque
822 1303 902 1355 altera
920 1303 1029 1370 epistola
1044 1304 1163 1368 Gregorii
1178 1302 1222 1368 ll',
1246 1303 1279 1356 de
1296 1303 1370 1368 cujus
1387 1310 1473 1357 tamen
1495 1301 1628 1356 authentia
1649 1303 1789 1356 admodum
1808 1303 1919 1356 dubitari
1939 1306 2056 1373 potest¹.
2097 1304 2171 1359 Quod
2191 1307 2213 1358 si
2231 1323 2291 1362 uera
2309 1313 2410 1373 genuina
2423 1315 2455 1378 sit,

174 1389 176 1394 '
251 1397 312 1434 sane
327 1377 429 1445 quidem
446 1373 594 1429 admiranda
611 1382 651 1426 est
669 1372 758 1425 sollers
775 1373 893 1438 Gregorii
916 1371 1061 1440 prudentia.
1096 1373 1210 1440 Namque
1227 1373 1252 1426 in
1271 1370 1319 1426 hae
1335 1374 1487 1441 pontificalis
1505 1373 1641 1440 potestatis
1655 1375 1782 1426 rationem
1799 1374 1835 1426 ita
1850 1373 1994 1442 descripsit,
2014 1381 2042 1426 nt
2059 1375 2175 1442 pluribus
2190 1376 2247 1429 sine
2260 1375 2458 1452 dubioepiscopis

251 1458 279 1505 et
294 1448 441 1502 inferiorum
457 1445 575 1498 ordinum
591 1443 690 1496 clericis
708 1440 912 1510 persuaderetur,
930 1439 997 1494 hane
1013 1458 1110 1495 sacram
1128 1459 1184 1494 csse
1202 1450 1228 1494 et
1246 1458 1299 1494 suae
1317 1443 1431 1510 ipsorum
1449 1443 1525 1495 saluti
1543 1441 1681 1494 admodum
1699 1441 1859 1511 profuturam
1879 1459 1942 1495 esse
1984 1443 2124 1512 Postquam
2144 1445 2213 1497 enim
2236 1447 2368 1517 Aldricus,
2388 1453 2453 1519 episc.

251 1517 459 1584 Cenomanensis,
476 1516 517 1581 qui
533 1528 583 1566 non
601 1511 656 1565 elne
670 1511 742 1578 justa
756 1511 855 1563 ratione
876 1512 1012 1563 damnatus
1028 1529 1085 1564 esse
1102 1511 1212 1573 uidetur,
1237 1511 1344 1564 adeum
1363 1513 1561 1578 prouocauisset,
1585 1512 1725 1578 Gregorius
1743 1512 1769 1564 in
1788 1514 1837 1564 ista
1853 1513 1971 1580 epistola,
1988 1512 2038 1566 ”ad
2055 1515 2189 1567 uniuersos
2203 1517 2356 1584 episeopos’t
2372 1523 2457 1588 scrtpts,

250 1589 363 1657 grauiter
378 1584 524 1638 contendite
542 1590 586 1635 ”et
600 1581 754 1635 auctoritate
769 1595 894 1634 canonum
911 1588 939 1632 et
954 1580 1170 1647 praedecessorum
1189 1589 1334 1634 nostrorum
1353 1581 1463 1634 decretis
1480 1581 1607 1634 sancitum
1628 1588 1677 1648 est,
1701 1588 1732 1632 ut
1751 1583 1887 1651 episcopus
1908 1589 2053 1650 accusatus,
2076 1583 2098 1636 sl
2113 1585 2235 1652 voluerit,
2253 1588 2365 1656 appellet
2382 1590 2457 1642 lione

250 1650 1285 1791 urultesuustitueretur:'crustulum
1301 1647 1803 1774 ιιι.ιιιιιιιιιιιιιι
1816 1651 2098 1788 leudinus
2116 1653 2455 1793 ”munisteri-

286 1797 292 1812 ι
529 1794 536 1807 ⁹
768 1790 835 1823 ..n
1005 1792 1010 1803 Ι
1257 1759 1424 1814 ¹9...
1697 1757 1760 1820 θ’·
1961 1793 1966 1805 ι
2100 1759 2106 1773 ·
2407 1767 2455 1811 ..ι

250 1795 455 1932 mihil?
465 1792 811 1930 ttltttt'ttili.
827 1789 1091 1925 flatilium
1106 1790 1345 1925 tullefelt
1358 1790 2454 1928 littttilttt:filieiltlttlltititttt'ltttt'ttd:

251 1935 300 1989 dus
318 1943 402 1988 tamen
420 1947 467 2000 pro
484 1931 669 1984 reverentias.
685 1929 765 1992 Petri,
783 1925 1217 1994 eulusestmunitusauctoritate,
1236 1927 1372 1980 dilectus”.
1405 1929 1475 1982 Fieri
1498 1930 1540 1980 viu
1564 1929 1664 1996 potnit,
1694 1930 1752 1994 quin
1775 1929 1834 1982 talis
1855 1931 1982 1997 pontificis
1998 1931 2108 1982 Romam
2125 1939 2246 1998 potestus
2262 1934 2365 2000 multis,
2385 1935 2456 2003 quibas

251 2005 364 2072 tyrannia
380 2001 601 2069 metropolitarum
610 2001 717 2053 molesta
727 2005 790 2066 erat,
806 1997 938 2066 aptissima
955 1999 1091 2066 uideretur,
1108 2014 1156 2065 qua
1172 2000 1250 2050 uitam
1264 1999 1289 2050 in
1308 1997 1399 2051 mediis
1414 1999 1516 2052 delictis
1533 1999 1587 2050 suis
1601 2014 1717 2050 securem
1736 1997 1832 2064 degere
1848 2007 1961 2066 possent.
1995 1999 2071 2053 Quod
2089 2015 2170 2067 quum
2189 2002 2257 2070 ipsis
2276 2003 2455 2070 persuaderetur,

250 2071 451 2143 exspectandum
465 2079 529 2134 erat,
547 2067 596 2122 hos
611 2074 760 2134 arroganter
780 2066 849 2120 dicta
864 2076 890 2120 et
905 2069 972 2120 facta
988 2070 1137 2136 pontificum
1154 2068 1329 2121 Romanorum
1346 2069 1441 2136 aequitm
1460 2069 1557 2119 laturos
1572 2084 1637 2121 esse.
1678 2068 1738 2120 Huc
1754 2075 1872 2138 spectant
1888 2071 1978 2123 uerba:
2003 2071 2100 2122 ”nolite
2118 2071 2142 2121 b.
2159 2071 2286 2137 clauigeri
2304 2073 2381 2141 Petri,
2399 2074 2455 2140 cujus

250 2143 304 2197 uice
322 2143 451 2209 legatione
481 2156 511 2192 ro
527 2137 631 2192 Christo
646 2138 786 2205 fungimur,
803 2136 889 2192 sedem
906 2137 1011 2203 ejusque
1029 2136 1097 2191 sedis
1115 2145 1246 2190 auctorem
1262 2152 1400 2204 spernere.
1411 2175 1418 2190 .
1428 2175 1453 2190 ..
1471 2136 1518 2190 sed
1535 2137 1616 2202 magis
1631 2135 1788 2204 sollciti'pro
1799 2140 1920 2203 scutrum
1937 2139 2023 2191 aelata
2037 2147 2063 2192 et
2081 2139 2242 2192 hbes-atione
2260 2148 2372 2210 estote”,
2392 2145 2455 2196 iden·

249 2230 299 2282 qse
316 2213 449 2268 consilinm
465 2155 521 2262 hec
536 2211 614 2262 uerba
629 2207 772 2261 indubitate
786 2208 948 2276 caprimunte
973 2216 1038 2261 ”nee
1055 2207 1170 2277 colligari
1187 2224 1234 2260 nee
1247 2206 1359 2272 judicari
1381 2223 1428 2260 nee
1443 2206 1557 2260 damnari
1572 2223 1588 2257 a
1605 2206 1756 2274 quibusdam
1780 2215 1889 2276 pessunt
1910 2209 2048 2277 episcopis,
2067 2211 2108 2276 qui
2131 2210 2289 2276 apostolicis
2309 2213 2364 2265 fulti
2382 2214 2456 2266 fuerint

250 2281 473 2337 auetoritatibus”.
514 2279 579 2333 Quae
593 2293 653 2330 sero
667 2283 808 2344 sequuntur
823 2278 913 2329 uerba:
932 2284 1062 2336 ”cetarum
1078 2277 1244 2330 insectatores
1258 2277 1365 2329 fratrum
1383 2275 1554 2329 ecelesiastica
1572 2274 1704 2344 disciplina
1719 2277 1887 2345 comprimere
1896 2285 1929 2330 'et
1946 2279 2048 2331 erudire
2067 2278 2178 2346 debetis,
2194 2280 2346 2347 quistatuan
2356 2282 2456 2348 majomn

251 2369 301 2407 non
317 2358 442 2416 tenentes,
458 2347 507 2401 Dei
522 2350 668 2402 sacerdotes
683 2354 758 2413 atque
773 2352 888 2398 sanctam
904 2345 1053 2413 ecelesiam,
1073 2361 1128 2413 quse
1145 2345 1170 2398 in
1186 2345 1367 2399 sacerdotibus
1384 2347 1495 2399 manime
1510 2347 1626 2408 constat,
1648 2345 1791 2415 principum
1808 2353 1836 2400 et
1851 2348 2004 2416 populorum
2022 2348 2135 2400 fauorem
2151 2357 2312 2417 sequentes,
2329 2369 2371 2404 soa
2382 2353 2457 2403 uiolare

250 2420 364 2492 pmssepe
379 2421 497 2472 nitantur
510 2419 736 2485 praesumptione”,
761 2415 903 2468 difficiliora
917 2423 978 2470 suut
994 2415 1028 2469 ad
1044 2413 1247 2480 intelligendum.
1282 2415 1361 2470 Hand
1383 2417 1452 2470 enim
1474 2416 1549 2470 facile
1571 2416 1743 2484 perspicitur,
1766 2423 1853 2470 utrum
1876 2419 1920 2470 isti
1942 2415 2146 2472 ”immersa“
2168 2421 2346 2488 samrapolita
2363 2421 2455 2482 aiat,-

250 2490 317 2562 quod
332 2489 433 2557 quidem
449 2489 553 2543 verbum
572 2488 713 2540 ’‘fratrum’'
729 2485 841 2538 iudicare
856 2484 957 2538 uidetur
971 2513 1014 2548 —,
1033 2500 1064 2536 an
1079 2484 1144 2536 inici
1158 2484 1283 2551 faeminea,
1300 2484 1435 2550 lnjsrriase
1455 2485 1549 2554 iscepis
1562 2485 1710 2538 inferentes.
1738 2485 1803 2539 iltra
1819 2502 1878 2540 uero
1896 2488 2074 2555 interpretatio
2090 2489 2260 2556 praeferatur,
2278 2489 2306 2542 id
2322 2492 2383 2542 ultro
2394 2497 2458 2560 patet,

250 2560 411 2628 Gregorium,
428 2558 554 2626 episeopis
572 2556 770 2610 ecelesiasticam
787 2553 945 2623 disciplinam
966 2553 1088 2607 aduersus
1107 2554 1163 2607 illos
1186 2553 1418 2623 commendantem,
1437 2557 1535 2622 yurium
1559 2555 1752 2624 episcopalium'
1765 2554 1982 2609 studiosissimum
2004 2573 2033 2610 se
2049 2557 2185 2625 praebere.
2224 2557 2305 2613 Quod
2327 2561 2348 2612 si
2367 2559 2457 2630 episcopi

250 2631 299 2684 sibi
313 2629 505 2698 peremissent,
524 2626 649 2696 promtius
663 2641 692 2677 sa
705 2626 786 2694 ipsius
801 2625 918 2690 regimini
933 2624 1094 2678 commissori
1111 2631 1207 2678 essent.

351 2735 369 2784 2
412 2729 511 2784 Deinde
527 2732 583 2800 s'pse
600 2729 744 2782 budooicus
760 2730 792 2783 Ρ.
810 2729 952 2782 &menam
968 2727 1054 2782 sedena
1074 2725 1162 2792 majori
1177 2727 1317 2784 reuerentia
1336 2729 1550 2797 prosequebatur,
1572 2743 1646 2795 quam
1666 2731 1695 2780 at
1713 2723 1774 2780 huic
1790 2745 1819 2780 se
1838 2729 1913 2798 plane
1929 2729 2074 2784 subducere
2090 2731 2179 2788 uellet.
2227 2731 2277 2786 illa
2295 2729 2450 2786 imbutusbe

250 2803 355 2858 doricus
372 2799 529 2854 antistitibus
548 2797 624 2864 hujus
642 2799 711 2852 sedis
728 2801 805 2852 toties
823 2800 971 2865 ignoscebat
989 2801 1062 2866 (pag.
1082 2796 1136 2864 et),
1162 2795 1303 2864 codemque
1317 2799 1402 2850 animo
1417 2805 1570 2863 commotus,
1596 2813 1676 2864 quum
1695 2797 1772 2864 legati
1791 2799 1875 2852 Graeci
1901 2800 2061 2867 imperatoris
2080 2802 2105 2852 in
2127 2818 2211 2854 eausa
2230 2805 2321 2855 cultas
2339 2803 2449 2868 imaginun

250 2871 284 2927 ad
301 2873 387 2941 ipsum
399 2875 458 2921 aute
473 2869 610 2933 uenissent,
627 2884 701 2934 quarn
718 2867 751 2922 ad
768 2869 943 2922 Romaamnm
959 2867 1098 2921 antistitem
1116 2867 1314 2933 contenderent,
1331 2868 1364 2919 ab
1382 2864 1432 2921 hoc
1448 2869 1535 2937 petiit,
1559 2876 1607 2920 ”ut
1624 2868 1678 2920 suis
1696 2867 1873 2920 sacerdotibus
1891 2868 1981 2921 liceret
1999 2869 2031 2923 de
2051 2870 2120 2922 libris
2138 2871 2192 2924 SS.
2212 2879 2321 2941 patrum
2339 2870 2454 2924 sententias

250 2955 363 3067 ῧιιιὸἷιι
380 2945 455 3074 atque
469 2939 598 3061 mitigeri,
616 2954 672 3007 quae
686 2937 719 2992 ad
733 2937 841 2993 modern
856 2953 919 3005 ιιι,
937 2953 983 3008 pro
998 2954 1047 3005 qua
1064 2935 1143 2992 iidem
1159 2937 1238 3004 legati
1255 2936 1402 3004 Eugenium
1421 2939 1562 2994 consulturi
1577 2944 1664 3004 mant,
1688 2938 1812 2990 ueraciter
1835 2937 2007 2992 definiendam
2029 2941 2168 2994 couueaire
2191 2940 2238 3009 (es
2258 2943 2406 3011 ”stipulari’‘
2419 2937 2456 2992 uid

276 3026 293 3066 ιι
351 3023 416 3076 ange
446 3025 479 3078 po
493 3024 576 3061 mesen
591 3016 616 3060 ⁹⁹.

353 3113 422 3167 Care
436 3119 520 3165 tamen
539 3111 679 3175 existimes,
695 3109 853 3165 Ludosieum
870 3111 939 3166 sedis
957 3111 1080 3164 Romanae
1097 3107 1278 3164 admiratorem
1296 3109 1332 3160 ita
1350 3105 1471 3162 humilem
1486 3107 1576 3175 fuisse,
1594 3115 1623 3161 ut
1638 3109 1692 3164 sine
1706 3108 1784 3176 hujus
1803 3110 1906 3166 licentia
1923 3109 2049 3177 synodum
2064 3127 2161 3178 engere
2180 3129 2237 3168 non
2254 3113 2373 3170 auderet.
2400 3109 2459 3164 uus

251 3183 351 3256 quidem
368 3181 540 3250 Harduinum,
557 3182 598 3234 cui
615 3186 672 3235 acta
688 3176 766 3246 hujus
781 3181 871 3248 synodi
888 3183 923 3233 ita
939 3182 1016 3250 impia
1030 3183 1084 3232 visa
1101 3187 1171 3244 sunt,
1189 3187 1218 3232 ut
1235 3196 1265 3232 ea
1283 3180 1353 3246 operi
1372 3195 1419 3231 suo
1434 3180 1545 3231 inserere
1562 3178 1682 3244 uoluerit,
1696 3179 1869 3247 contendisse,
1889 3181 1964 3232 latam
1980 3180 2110 3246 synodum
2127 3199 2143 3236 a
2165 3183 2311 3238 lauderico
2327 3181 2459 3247 ''Pantsfitt't

248 3251 393 3326 pemissu”
412 3259 526 3306 coactam
544 3267 600 3304 esse
614 3252 642 3318 (Ι.
662 3268 685 3302 c.
704 3267 729 3318 p.
749 3250 837 3318 12⁵7).
870 3251 924 3304 Sed
941 3253 1016 3304 aliter
1034 3265 1076 3303 res
1093 3265 1121 3308 se
1139 3247 1224 3302 habet.
1263 3246 1375 3302 Michasl
1392 3249 1505 3314 Bnlbus,
1529 3248 1592 3315 lmp.
1610 3249 1730 3316 Graecus,
1752 3250 1858 3317 veritus,
1882 3267 1913 3302 na
1931 3251 2065 3304 Romnum
2080 3254 2214 3321 pontifex,
2233 3256 2323 3324 ipsum
2338 3255 2371 3308 ob
2386 3252 2460 3307 caltua

250 3325 390 3390 imaginum
407 3323 514 3374 vetitum
530 3317 690 3374 anathemate
704 3321 807 3388 feriens,
826 3337 906 3374 nouos
921 3321 945 3374 in
960 3322 1052 3372 Gracc
1068 3320 1164 3388 populo
1183 3326 1268 3372 rnotsrs
1286 3319 1365 3371 cieret
1379 3318 1417 3387 (p.
1434 3318 1490 3384 62),
1508 3317 1607 3382 legatos
1622 3319 1654 3371 ad
1672 3335 1730 3373 enm
1747 3320 1849 3372 mittere
1864 3321 1953 3382 uoluit,
1974 3318 2022 3372 laos
2047 3331 2150 3388 numm,
2178 3341 2234 3390 quo
2261 3325 2395 3391 benignius
2411 3319 2460 3372 esci

251 3399 381 3463 parentur,
398 3390 559 3445 Ludouicam
576 3392 647 3459 prins
665 3387 736 3442 adire
749 3387 839 3456 jussit,
860 3406 934 3458 quam
952 3391 1061 3442 Romam
1078 3389 1200 3442 venirent.
1237 3387 1385 3442 Ludouicus
1401 3388 1479 3454 igitur
1496 3385 1590 3456 ”poris
1606 3391 1785 3458 componenda
1800 3387 1905 3441 studio”
1921 3389 2016 3456 (ilerd.
2034 3391 2050 3442 Ι.
2067 3391 2103 3456 c.)
2117 3393 2285 3447 mediatoris
2300 3402 2384 3462 partes
2400 3389 2460 3442 sassi

251 3479 312 3533 pere
328 3459 398 3514 haud
413 3476 541 3526 ιιιιιιιιιι,
559 3476 608 3528 quo
623 3459 722 3513 facilius
737 3460 882 3513 Romanurn
898 3461 1045 3529 pontificem
1062 3459 1088 3512 in
1106 3458 1268 3526 sententiam,
1287 3465 1315 3514 ut
1332 3457 1367 3509 ita
1383 3456 1476 3522 dicam,
1491 3457 1719 3512 ancofurtanam
1738 3475 1760 3512 s.
1777 3475 1832 3526 quse
1847 3475 1920 3512 sacro
1935 3459 2019 3512 ordini
2035 3459 2202 3516 Francsarun
2221 3464 2353 3532 placebat,
2370 3460 2462 3514 traduat·

252 3539 301 3598 ret,
318 3531 392 3584 iatam
408 3530 534 3583 licentiam
551 3529 605 3582 suis
616 3529 816 3598 prudentissime
832 3531 949 3600 expetiit,
975 3545 1023 3596 qua
1044 3543 1175 3595 concessa,
1198 3528 1331 3580 Βοιιιιιιιι
1356 3527 1471 3596 pontifex
1495 3527 1639 3590 sententie,
1663 3531 1695 3581 ab
1716 3529 1748 3582 iis
1766 3529 1880 3596 prolatae,
1900 3529 2063 3595 auctoritati,
2086 3531 2188 3600 quippe
2210 3550 2272 3600 quae
2287 3531 2414 3586 sententiis
2427 3527 2462 3578 SS-

251 3609 353 3670 μιιιιιιι
369 3601 501 3667 niteretur,
518 3601 612 3666 aegrius
630 3615 658 3651 se
673 3597 815 3651 subducere
831 3605 926 3668 posset.
961 3598 1037 3653 Quod
1055 3599 1076 3650 si
1097 3613 1157 3650 uero
1173 3596 1320 3650 lsudouicus
1343 3597 1507 3663 questionem
1534 3595 1566 3648 de
1588 3598 1660 3651 cultu
1681 3598 1821 3664 imaginum
1842 3615 1889 3651 sna
1913 3608 2006 3666 sponte
2030 3615 2147 3667 mouens,
2175 3603 2260 3655 talem
2285 3602 2412 3656 licentiam
2428 3585 2472 3650 ubi*

251 3669 354 3737 subque
368 3669 527 3738 expetiisset,
543 3685 592 3735 pro
609 3675 680 3720 cesto
697 3668 822 3722 affirmare
837 3670 932 3734 liceret,
950 3685 1009 3722 eum
1027 3665 1088 3721 nihil
1106 3667 1132 3718 in
1149 3669 1236 3733 rebus,
1254 3666 1288 3720 ad
1306 3663 1381 3720 tidem
1399 3667 1594 3734 pertinentibus,
1610 3683 1700 3720 ausum
1716 3669 1796 3720 fuisse
1812 3670 1920 3731 sancire,
1940 3669 1987 3721 nisi
2006 3671 2077 3736 prius
2092 3673 2198 3725 ueniam
2211 3673 2345 3726 Romanae
2357 3671 2419 3724 sedis
2430 3669 2460 3720 itt

252 3741 411 3810 petrasisset.
445 3737 497 3791 Sed
513 3735 563 3790 hoe
582 3743 698 3804 tempore
712 3735 782 3790 haud
799 3739 966 3805 querebatur,
985 3745 1069 3790 utrum
1086 3736 1193 3789 Francis
1208 3728 1295 3789 licer‘et
1309 3736 1434 3802 imagines
1448 3737 1541 3802 colere,
1556 3753 1588 3788 an
1606 3739 1699 3810 minus,
1717 3738 1763 3791 sed
1784 3755 1835 3806 que
1848 3738 2011 3806 poesim
2025 3739 2127 3792 cutione
2146 3742 2265 3812 triplex,
2286 3743 2321 3795 de
2336 3743 2384 3794 froc
2399 3755 2423 3790 re
2433 3751 2458 3786 rr

233 3817 334 3879 -eeptu,
350 3805 439 3878 opinio
453 3813 488 3846 -'-
504 3807 590 3860 Greeei
603 3808 771 3875 imperatoris,
785 3807 894 3860 Romani
911 3809 1038 3875 pontificis
1053 3814 1080 3860 et
1094 3805 1161 3858 sacri
1181 3807 1278 3858 ordinis
1293 3805 1451 3858 Francorum
1465 3833 1500 3843 —
1515 3805 1623 3860 inuicem
1638 3807 1776 3860 conciliari
1787 3813 1883 3875 posset.
1918 3808 1960 3860 Ob
1973 3804 2039 3862 hanc
2052 3825 2157 3862 ιιιιιιιιι
2171 3811 2334 3866 Ludos-icus
2345 3811 2461 3864 nonnas

285 3879 397 3934 sumen
409 3877 519 3944 rogauit,
539 3893 576 3930 au¹
588 3876 718 3930 Francicis
733 3877 909 3930 sacerdotibus
925 3879 1012 3932 liceret
1027 3877 1192 3944 questionem
1213 3893 1229 3928 a
1247 3877 1344 3930 Graecis
1360 3875 1451 3940 legetis
1466 3883 1562 3928 ιιιοιιιι
1578 3877 1653 3945 priua
1666 3879 1819 3930 examinare.
1854 3877 1963 3930 Constat
1983 3894 2052 3941 uero,
2067 3879 2228 3936 sacerdotes
2238 3881 2390 3946 Francicus,
2405 3889 2462 3944 quun

250 3895 301 4002 iic
317 3950 439 4008 facerent,
455 3947 606 4000 sententiam
622 3946 744 4000 Romana
761 3948 830 4000 sedis
845 3948 933 4000 falsam
953 3947 1164 4018 pronuntiarisse,
1183 3945 1267 4014 ipsurn
1282 3945 1427 4011 Eugenium
1447 3945 1577 3998 ”semmtis
1595 3947 1762 4012 ignominie·
1782 3961 1931 4014 morumque
1952 3949 2134 4016 ’'pertinacia”
2159 3952 2352 4004 insimulantes
2373 3947 2432 4012 (uide
2444 3959 2472 4010 p.

241 4017 307 4085 ab),
325 4025 352 4072 et
367 4015 527 4071 landericum
545 4018 661 4084 suasisse,
677 4024 705 4069 ut
720 4017 743 4068 ui
759 4017 828 4069 illum
845 4024 949 4083 cogeret
964 4014 996 4070 sd
1012 4017 1163 4070 sententiam
1182 4017 1305 4084 ipsorum,
1322 4021 1413 4083 utpote
1428 4015 1580 4068 testimoniis
1598 4017 1718 4068 librorum
1734 4031 1864 4068 sacrorum
1881 4023 1907 4068 et
1924 4017 2058 4069 sententiis
2074 4025 2184 4086 patrum
2202 4030 2414 4082 conscensum,
2425 4029 2461 4067 aa·

252 4087 412 4156 plectendam
428 4085 491 4153 (uid.
508 4105 532 4154 p.
548 4091 591 4152 tr,
605 4102 643 4140 ur.
660 4086 695 4152 l).
712 4086 861 4140 Lndouieus
875 4095 961 4140 ιιιιιιιι
977 4087 1128 4140 seutentiam
1144 4102 1159 4136 a
1174 4085 1228 4138 suis
1244 4085 1367 4154 prolatam
1389 4101 1436 4153 per
1453 4085 1549 4138 Missos
1569 4086 1665 4152 aliquos
1688 4085 1806 4151 Eugenio
1828 4084 1930 4151 quidem
1953 4086 2107 4154 ”legendam
2123 4096 2154 4142 et
2170 4092 2395 4144 examinandam‘
2413 4084 2462 4138 nisit

252 4155 315 4220 (uid.
332 4157 407 4225 epist.
424 4154 539 4223 laudat),
557 4172 606 4209 non
621 4171 682 4208 uero
698 4156 742 4229 ita,
760 4162 791 4208 ut
805 4153 869 4226 hmo,
886 4157 908 4210 si
923 4157 947 4208 ei
965 4157 1048 4210 minua
1066 4156 1187 4277 qlaceret,
1204 4161 1355 4222 mutaretur,
1369 4153 1415 4220 (-
1424 4155 1487 4206 satis
1502 4155 1569 4208 enim
1585 4162 1695 4217 constat,
1710 4171 1790 4220 neque
1805 4150 1998 4222 haneEugenio
2013 4157 2142 4225 placuisse
2158 4167 2191 4212 et
2210 4167 2306 4214 tamen
2318 4160 2461 4229 plasmante

252 4227 327 4277 ritate
344 4227 369 4278 in
388 4240 468 4290 regno
485 4225 610 4281 Ludouici
626 4226 735 4278 ualuisse
744 4224 789 4290 -)
804 4225 850 4280 sed
867 4232 896 4279 ut
909 4225 1052 4293 Eugenius,
1090 4240 1119 4276 ae
1139 4223 1226 4290 forsan
1241 4224 1358 4294 probata,
1373 4231 1478 4276 ’'curam
1493 4231 1521 4276 et
1538 4223 1696 4290 diligentiam
1713 4239 1786 4276 suam
1803 4222 1927 4278 adhibere
1945 4224 2105 4295 dignaretur,
2120 4229 2268 4295 quomodo
2280 4231 2395 4300 populns
2408 4227 2460 4278 tre·

250 4311 336 4346 eorum
354 4309 399 4362 per
413 4293 469 4359 ejus
486 4291 675 4348 saluberrimam
692 4295 836 4350 doctrinam
851 4303 928 4362 atque
946 4295 1147 4349 admonitionem
1164 4295 1247 4362 magis
1267 4293 1301 4346 ad
1321 4292 1484 4346 concordiam
1505 4300 1532 4346 et
1549 4293 1672 4346 unitatem
1696 4301 1876 4358 reuocaretur,
1898 4294 1973 4361 quana
1991 4303 2096 4365 propter
2111 4294 2169 4351 hoc
2187 4299 2226 4352 ad
2246 4301 2375 4366 majorem
2390 4295 2459 4348 distet·

251 4363 319 4417 diam
335 4371 362 4417 et
377 4362 558 4417 dissensionem
573 4364 761 4433 impelleretnr”
777 4367 831 4433 (ep.
848 4364 949 4419 Ludos.
966 4365 1117 4431 adfingeu.
1135 4363 1152 4416 1.
1173 4367 1208 4428 c.)
1247 4363 1334 4432 ltaque
1355 4360 1512 4427 Ludouicus,
1535 4361 1686 4422 Parisieusis
1709 4361 1800 4428 synodi
1823 4365 1976 4416 sententiam
1997 4367 2107 4417 examini
2124 4370 2282 4434 pontificiis
2298 4363 2462 4424 commentus,

247 4439 340 4504 partes
354 4431 409 4498 egit
425 4449 477 4484 non
495 4451 596 4486 suorum
612 4434 786 4554 effiseoporuns
803 4437 849 4488 sesi
865 4435 953 4488 Graeci
966 4435 1066 4504 populi.
1105 4433 1224 4500 Accedit,
1244 4432 1311 4500 quod
1333 4432 1482 4484 Ludouicns
1499 4431 1618 4498 fingenio
1638 4431 1741 4498 scribit,
1764 4433 1828 4486 uelle
1848 4449 1877 4485 se
1897 4434 2052 4498 legationem
2077 4436 2352 4510 Constantinopolim
2379 4439 2461 4490 niues

657 4504 743 4568 Ιιιιιιῐ,
767 4503 924 4568 lsudouicus,
945 4506 1020 4558 istam
1042 4503 1170 4557 licentiam
1191 4511 1324 4570 expetens,
1345 4502 1444 4555 nullum
1466 4497 1775 4554 ltonmorctoooxtc
1794 4504 1943 4568 obsequium
1966 4505 2094 4572 prestitit.
2146 4507 2222 4562 Quae
2245 4525 2313 4562 aero
2334 4507 2406 4562 enimi
2423 4501 2462 4566 titt

250 4573 355 4640 equitas
373 4576 438 4636 erut,
454 4572 536 4624 noluit
553 4571 673 4636 Eugenio
690 4589 793 4628 suorum
812 4574 845 4628 de
863 4577 935 4629 cultu
953 4575 1092 4641 imaginum
1111 4572 1271 4638 sententiam,
1288 4588 1436 4640 quamquam
1454 4566 1520 4623 hanc
1537 4571 1692 4623 verissimam
1711 4568 1831 4634 habebnt,
1850 4572 1997 4626 obtrudere.
2033 4573 2091 4627 Quo
2107 4575 2171 4632 seio
2193 4580 2311 4633 nomine
2327 4595 2345 4633 a
2361 4579 2463 4632 colmes

250 4643 429 4711 episcoporum
448 4641 537 4692 Gallia
554 4649 580 4694 et
598 4641 741 4695 Germania
757 4639 872 4698 reeeisit.
907 4645 1003 4697 Verum
1020 4641 1071 4696 hoe
1088 4642 1173 4710 ipsum
1192 4641 1285 4694 ciuium
1304 4642 1402 4695 animos
1421 4640 1490 4694 sedis
1509 4640 1633 4694 Romam
1650 4643 1790 4694 reverentia
1807 4643 1922 4694 imbuere
1940 4649 2050 4710 poterat.

351 4749 377 4798 s.
413 4743 482 4795 Tum
500 4741 654 4808 agobardus
671 4745 726 4811 ille,
743 4760 793 4810 qvo
809 4746 908 4800 facilius
926 4747 1060 4801 Ludouico
1077 4748 1142 4814 lmp.
1162 4743 1340 4814 persuaderet,
1367 4752 1397 4797 ut
1413 4741 1564 4796 Lothariam
1582 4743 1682 4811 imperii
1699 4749 1842 4798 consortem
1861 4745 1954 4799 iterum
1970 4744 2105 4815 redderet,
2133 4749 2230 4804 multa
2249 4751 2279 4805 in
2299 4749 2400 4806 landem
2415 4741 2458 4800 εὐ

250 4814 374 4868 Romanas
392 4809 502 4868 effutivit
509 4813 533 4878 ⁸,
551 4826 607 4877 quae
624 4809 701 4879 hujus
719 4816 884 4868 reuerentiam
902 4819 928 4870 in
948 4820 1038 4871 animis
1056 4817 1245 4887 episcoporum,
1262 4813 1387 4868 Lothario
1406 4815 1553 4880 fauentium,
1572 4815 1721 4868 confirmare
1739 4821 1866 4883 poteraut

352 4920 378 4971 f.
413 4917 482 4970 Hinc
499 4913 675 4984 deniqsedpsi
693 4918 817 4988 episcopi,
836 4921 877 4988 qui
896 4939 924 4974 se
941 4922 1093 4988 Gregorium
1112 4920 1149 4973 lV
1166 4917 1432 4972 excommunicaturos
1451 4933 1509 4970 esse
1529 4917 1691 4976 minabantur
1706 4918 1776 4984 (pag.
1796 4915 1850 4982 67),
1868 4914 1934 4970 hanc
1950 4934 2055 4972 cauum
2073 4921 2276 4989 praetendente
2298 4933 2398 4994 ”quana
2412 4917 2458 4972 alte

251 4983 390 5040 schabest
409 5001 533 5040 canonum
550 4987 722 5052 aucteritas”;
740 4991 829 5056 quibus
847 4992 926 5055 igitur
943 4999 998 5044 tum
1014 4993 1182 5060 profitentur,
1200 4989 1346 5042 Romanum
1365 4987 1498 5056 presulem
1517 5001 1642 5039 canonum
1660 4988 1806 5039 assctoritati
1824 4985 1976 5040 adstrictum
2002 5005 2079 5056 esse,
2098 4995 2160 5043 trans
2188 4994 2285 5062 palam
2310 4996 2461 5054 indicunt

249 5056 308 5123 ipsi,
328 5054 406 5110 modo
423 5071 532 5108 meones
550 5063 709 5124 sequeretur,
726 5059 894 5113 obsecuturos
912 5077 976 5114 esse.
1017 5061 1070 5127 lppi
1087 5075 1185 5127 quoque
1205 5059 1230 5110 iu
1247 5058 1357 5124 epistola
1374 5055 1407 5109 ad
1427 5055 1536 5109 eundem
1557 5057 1710 5121 Gregorium
1733 5057 1828 5123 scripta
1848 5065 2008 5123 monuerant,
2028 5075 2057 5110 se
2074 5073 2136 5111 eum
2168 5062 2408 5130 reprehendentes,
2425 5043 2472 5108 uui⁴

250 5125 301 5178 iam
319 5126 376 5178 sedi
389 5127 446 5192 ejus
461 5126 579 5192 injuriam
599 5127 663 5180 velle
679 5127 772 5180 inferre
789 5129 881 5194 (ilerd.
901 5131 918 5184 l.
935 5148 958 5184 e.
978 5146 1004 5197 p.
1024 5131 1136 5195 littei&
1173 5127 1229 5180 Hae
1246 5127 1315 5180 sedis
1333 5127 1471 5188 Romanae,
1495 5133 1637 5179 ceterarum
1654 5126 1817 5178 ecclesiarum
1836 5127 1909 5178 almae
1927 5129 2029 5194 matris,
2051 5132 2207 5186 reuerentia
2235 5135 2380 5199 commoti,
2401 5135 2464 5199 palm

251 5209 322 5247 coac.
341 5195 457 5262 aquisgr.
476 5211 500 5248 a.
518 5199 570 5247 836
583 5167 734 5264 fluxerunt,
758 5199 868 5252 ”litaniae
884 5198 987 5266 majoris
1009 5197 1203 5251 celebrationem
1213 5199 1294 5263 juste
1311 5213 1406 5248 morem
1422 5194 1568 5247 Romanum
1586 5193 1634 5246 llll
1651 5195 1708 5247 Kal.
1727 5195 1789 5246 Maii
1808 5211 1859 5248 non
1876 5195 2044 5272 omittendam
2063 5198 2142 5250 esse'’
2163 5201 2245 5274 (unp.
2256 5205 2293 5271 ll,
2313 5207 2400 5268 010)
2429 5197 2464 5247 lte·

251 5263 325 5346 nique
341 5265 454 5384 efiscopi
471 5265 539 5348 passi
556 5273 625 5330 sunt,
643 5273 672 5318 ut
688 5265 822 5333 Eugenius
838 5269 863 5321 ll
879 5267 1020 5335 Bernardo,
1037 5267 1172 5321 Viennensi
1190 5265 1391 5335 archiepiscopo,
1409 5265 1478 5320 sedis
1495 5265 1576 5334 ipsius
1593 5265 1753 5333 priuilegium
1771 5263 1992 5334 ''redintegraret”
2010 5265 2105 5334 (ilard-
2122 5267 2143 5323 l.
2163 5287 2191 5326 c.
2213 5291 2243 5343 p.
2263 5273 2357 5344 lunt),
2380 5267 2466 5327 etGlt·

251 5347 339 5398 gonns
368 5331 391 5384 V
407 5335 557 5400 Ansgannm
576 5335 652 5403 pallio
668 5343 778 5391 omaret.

251 4503 314 4558 ttrae
331 4501 415 4554 omnis
432 4517 511 4567 quum
525 4505 563 4555 ita
579 4519 607 4554 se
