5002 6366
43 454 854 528 crucriordinisx

40 657 434 724 nonachorum.

889 831 957 900 iii.-

108 933 216 992 Omniuo
237 935 290 991 rita
306 931 492 993 monachorum
514 935 548 992 ad
572 938 688 1006 reguiam
710 939 846 994 Benedicti
867 941 1055 996 Nursieusis¹i
1077 945 1275 1010 instituebatur3
1303 946 1372 1002 unde
1393 963 1466 1002 conc.
1489 949 1671 1018 Augustoduu.
1699 967 1721 1004 a.
1745 956 1805 1016 670,

39 1021 57 1056 c.
71 1008 102 1058 lta
118 1009 245 1076 precipit,
261 1010 319 1129 ”ulfi
340 1010 459 1076 quicquid
476 1010 615 1062 canonicus
630 1009 695 1062 ordo
711 1011 750 1064 uei
766 1011 857 1078 regula
871 1012 899 1064 S.
918 1012 1055 1066 Benedicti
1070 1009 1178 1080 edocet,
1196 1025 1225 1068 et
1240 1017 1348 1084 implere
1363 1024 1390 1071 et
1407 1020 1556 1074 coustodire
1571 1023 1597 1074 in
1614 1022 1734 1074 omuibus
1750 1021 1805 1087 [ab-

39 1075 100 1126 bates
115 1083 139 1127 et
155 1073 284 1144 monachi]
321 1077 442 1130 ebeant”.
467 1077 532 1129 llaec
549 1085 634 1130 tamen
653 1080 743 1144 regula
759 1095 839 1146 neque
856 1081 940 1133 ubiuis
958 1082 1073 1134 locorum
1089 1085 1284 1153 observabatur,
1300 1101 1381 1153 aeque
1396 1089 1428 1139 ab
1445 1090 1574 1155 omnibus,
1592 1092 1632 1156 qui
1649 1090 1806 1142 monasteria

39 1141 178 1212 condebant,
195 1147 298 1212 integra
313 1147 484 1200 retinebatur.
519 1145 560 1199 lta
574 1148 614 1199 uel
629 1147 759 1200 Martinus
775 1149 922 1202 Bumienais
938 1149 1110 1204 verbosatus
1126 1155 1257 1221 propriam
1273 1157 1328 1208 suis
1344 1154 1478 1216 monacbis
1494 1160 1612 1223 Quium
1629 1160 1804 1223 injunxerunt.

38 1214 74 1264 Sic
89 1215 162 1265 etiam
179 1213 294 1268 isidorus
312 1215 475 1284 Hispalensis
492 1215 627 1276 coenobio,
643 1215 711 1282 qvod
727 1217 783 1283 ipse
799 1217 925 1283 condidit,
941 1219 1090 1272 Honoriano
1108 1222 1267 1286 singularem
1284 1225 1401 1292 regulam
1418 1227 1524 1293 scripsit
1535 1229 1575 1289 ¹⁵,
1591 1235 1618 1279 et
1628 1227 1805 1279 Columnarum

38 1280 200 1336 Lunouiemes
218 1281 360 1337 monachos
374 1300 431 1336 sure
452 1282 655 1344 nonJlenedicti
670 1287 769 1350 regulae
784 1284 933 1338 adstrinxit
969 1287 1082 1341 Omnino
1100 1289 1174 1341 Scoti
1191 1291 1276 1343 minus
1296 1293 1400 1344 solliciti
1416 1300 1491 1346 erant
1508 1293 1541 1346 de
1559 1296 1650 1361 regula
1668 1295 1803 1348 Benedicti

38 1350 187 1404 obseruanda.
240 1353 294 1404 Sed
320 1351 570 1420 dogio-Saxones,
594 1367 659 1418 quos
685 1351 806 1406 monachi
833 1353 995 1407 Benedictini
1027 1357 1177 1422 religionem
1206 1359 1365 1424 docuerant,
1390 1377 1447 1413 eam
1477 1364 1592 1430 pressius
1626 1366 1805 1432 sequebantur.

37 1418 94 1470 ilinc
107 1419 187 1484 igitur
202 1419 295 1474 iratres
309 1421 462 1473 monasterii
477 1420 611 1486 cormunt,
635 1421 661 1471 in
682 1421 774 1474 Sentis
794 1421 907 1489 conditi,
933 1423 984 1475 ”nd
1005 1427 1154 1492 exemplum
1170 1430 1353 1482 venerabiiium
1370 1437 1473 1497 patrum
1487 1433 1536 1484 cub
1551 1433 1648 1502 regulo
1666 1441 1692 1484 et
1710 1433 1806 1484 obtule

37 1488 166 1540 enaoaico”
183 1489 317 1557 degebant
332 1488 411 1552 (Bed.
429 1487 479 1554 Ν,
503 1488 548 1554 4);
573 1494 600 1540 et
618 1487 712 1556 Hilda,
732 1491 880 1558 abbatissa,
901 1508 978 1545 sunm
994 1495 1179 1548 monesterium
1197 1497 1243 1549 ”re
1283 1499 1328 1550 lari
1344 1499 1397 1551 uita
1414 1501 1574 1567 peremnia,
1596 1508 1672 1569 prout
1690 1501 1805 1552 edoctis

38 1555 87 1607 uiris
101 1555 199 1611 discere
216 1565 329 1626 poterat,
347 1555 461 1611 ordinari
479 1556 605 1609 curabat’'
620 1557 699 1624 (usu.
717 1558 761 1620 Ν,
782 1559 837 1625 13).
879 1561 929 1613 Cui
948 1577 1009 1616 uero
1030 1564 1129 1629 regulae
1150 1513 1321 1620 monacddec
1341 1567 1550 1632 adstrinxerunt,
1577 1571 1600 1622 ei
1623 1572 1806 1622 conuenienter

37 1640 97 1676 man
114 1634 140 1679 et
155 1627 234 1680 uitam
251 1637 279 1680 et
296 1626 461 1694 disciplinam
476 1625 613 1678 instituere
629 1627 768 1680 debebant.

94 1727 207 1794 Singulae
223 1735 312 1783 antem
329 1729 400 1796 leges
415 1727 442 1781 id
459 1729 572 1782 manime
591 1734 779 1796 praeceperunt,
801 1734 839 1794 ut,
860 1733 1005 1800 quicunque
1020 1737 1164 1788 monmtica
1179 1745 1241 1790 uota
1254 1737 1424 1807 suscepisset,
1451 1736 1494 1791 bic
1508 1754 1587 1792 omne
1603 1739 1728 1804 reliquum
1746 1739 1806 1790 ritu

37 1811 81 1846 rue
97 1803 197 1878 tempus
212 1799 420 1882 ln'monasteriic
438 1799 581 1880 sueretu.
617 1797 682 1880 Qum
698 1797 740 1850 len
757 1795 790 1850 de
804 1799 836 1851 iia
852 1799 916 1866 ipsis
933 1802 1102 1886 ualebat'qui
1119 1805 1231 1860 inientes
1246 1809 1397 1892 monasticae
1407 1807 1472 1866 ,ubre
1489 1809 1632 1890 consecrati
1648 1809 1762 1888 fuerant,
1778 1813 1805 1858 at

37 1862 430 2003 illittmiitlitittc
445 1861 1806 2012 bibituriitittittti‘tttttiiittlitinitttnltittttt..¹:⁰54th

37 2009 87 2052 tcr”
101 2004 184 2067 (conc.
199 2005 288 2060 Tolet.
306 2005 340 2072 tt,
358 2022 383 2082 c,
400 2005 480 2072 o)¹⁹.
516 2003 594 2070 Saepe
609 2019 670 2056 vero
685 2003 789 2071 accidit,
805 2011 835 2057 ut
850 2005 925 2072 tales,
950 2015 997 2060 aut
1012 2009 1054 2075 qul
1071 2011 1264 2066 matrimonium
1282 2012 1387 2066 ineundi
1403 2013 1491 2066 studio
1507 2015 1665 2079 serebantur,
1686 2011 1738 2064 ”ad
1754 2028 1804 2066 ιε-

38 2071 119 2126 cularia
137 2075 259 2144 negotia”
276 2079 475 2156 reuerterentur.
511 2071 561 2126 Qui
574 2072 660 2140 ,igitur
676 2074 839 2146 monasteriis
851 2073 886 2127 ad
900 2077 1089 2144 poenitentiam
1101 2081 1231 2148 agendam
1245 2083 1444 2138 includebantur
1458 2084 1544 2149 (conc.
1557 2083 1644 2136 Tolet.
1660 2081 1704 2150 Ν,
1714 2097 1738 2136 c.
1748 2081 1804 2144 52).

95 2174 174 2230 lirant
190 2194 292 2246 quoque
307 2175 437 2244 monachi,
457 2177 509 2243 qui,
532 2176 645 2244 quamuis
663 2155 752 2242 rudes,
768 2176 869 2242 piebem
884 2193 913 2231 se
929 2178 995 2232 velia
1011 2173 1147 2236 instituere
1163 2182 1325 2252 timnhntes,
1344 2199 1390 2252 per
1406 2199 1485 2251 agros
1498 2183 1675 2250 uagabanturr
1691 2197 1756 2248 qnos
1774 2186 1805 2234 nt

39 2243 161 2312 episcopus
178 2247 313 2328 coenobiis
331 2249 386 2324 auin
403 2245 533 2312 redderet,
552 2243 626 2300 cono
645 2244 734 2300 Tolet.
753 2243 810 2311 Vll,
828 2261 851 2298 c.
867 2250 885 2300 b
901 2249 1033 2317 precepit.
1200 2279 1206 2290 ·

96 2343 231 2402 Nonnullis
247 2357 334 2404 manen
351 2350 505 2420 permissum
523 2355 578 2401 erat
593 2349 705 2414 ebustrn
721 2349 877 2417 relinquere,
897 2358 927 2404 nt
943 2352 970 2404 in
989 2354 1100 2421 propriis
1115 2349 1215 2404 cellulis
1230 2347 1386 2406 babitarent.
1422 2353 1479 2408 Hos
1497 2353 1699 2424 enimepiscopi
1715 2353 1804 2420 singn-

39 2413 75 2464 lnri
89 2415 204 2483 prasidio
222 2419 346 2488 amplecti
365 2417 492 2480 solebant,
511 2416 589 2470 modo
604 2425 752 2485 constaret,
769 2435 815 2471 eoa
830 2427 944 2472 ”sanctoe
960 2422 1022 2490 uitae
1037 2421 1195 2477 ambitione¹'
1213 2429 1360 2488 permotos,
1378 2418 1445 2474 itanc
1463 2423 1585 2477 maluisse
1600 2423 1679 2481 uitam
1696 2419 1801 2488 degere.

38 2483 97 2536 Quos
114 2500 172 2538 uero
188 2487 327 2553 '’ignaria”
346 2486 380 2541 ad
396 2485 446 2540 boc
463 2487 641 2555 compulisset,
659 2503 742 2554 neum
762 2501 863 2540 morum
879 2489 996 2557 probitas
1011 2496 1124 2553 ornaret,
1142 2484 1171 2542 bl
1187 2505 1203 2543 e
1218 2490 1317 2544 cellulis
1332 2487 1405 2544 bisce
1422 2506 1468 2560 per
1482 2491 1633 2560 episcopum
1650 2492 1699 2544 loci
1715 2493 1803 2560 eiecti,

39 2551 118 2606 iterum
132 2555 157 2608 in
174 2559 310 2612 coenobiis
324 2557 381 2610 buia
395 2556 493 2623 degere
507 2557 669 2623 cogebnntur
686 2558 772 2620 (conc.
792 2555 880 2609 Tolet'.
897 2557 955 2624 vu,
972 2573 996 2611 c.
1014 2559 1052 2627 d).

96 2657 227 2715 castitatis
243 2675 344 2728 quoqne
359 2659 474 2714 celicium
489 2674 641 2726 morumque
656 2656 779 2714 namus
794 2655 927 2712 monacbis
945 2654 1015 2712 bend
1030 2659 1110 2714 minei
1122 2656 1361 2715 commendabatur.
1385 2660 1559 2716 Quamobrem
1570 2679 1643 2716 conc.
1654 2663 1801 2736 Aagnmod.

40 2739 58 2776 t.
73 2728 102 2778 to
115 2727 265 2784 mulieribus
282 2731 358 2798 piane
373 2729 504 2784 interdicit
520 2731 564 2782 ”in
580 2729 737 2784 monaterii
753 2726 938 2782 monachorum
955 2729 1083 2796 ingredi’,
1101 2737 1129 2783 et
1146 2730 1262 2783 marcius
1279 2729 1306 2782 in
1320 2745 1366 2782 eos
1381 2731 1638 2811 animaduertendum
1652 2733 1801 2800 conjunct,

39 2794 281 2856 quurantlieritatec
291 2807 471 2854 extraneorum
482 2799 618 2852 mulierum
630 2796 769 2852 babeant”.
806 2799 888 2864 neqve
905 2803 934 2852 ut
951 2795 1144 2868 prohiberetur,
1158 2815 1192 2854 ue
1207 2796 1328 2852 monachi
1344 2799 1387 2856 uel
1401 2800 1455 2852 uoti
1470 2800 1511 2852 sui
1526 2801 1692 2870 impatientes
1705 2803 1802 2870 lemni,

40 2861 71 2913 rel
85 2863 206 2920 inhonesti
225 2869 346 2936 exempla
362 2874 559 2936 cognoscerent,
582 2884 655 2920 conc.
672 2866 812 2932 caesaraug
829 2866 875 2932 ill,
892 2882 918 2920 c.
933 2869 950 2918 11
968 2867 1119 2920 constituite
1145 2874 1193 2920 ”ut
1206 2865 1295 2920 nuilus
1310 2867 1433 2936 abinceps
1447 2869 1609 2922 secularium
1624 2883 1671 2924 seu
1689 2878 1803 2938 peteme

40 2930 127 2996 tire20,
144 2952 191 2989 sen
207 2939 289 2990 etiarn
304 2939 344 2990 rel
361 2955 396 2991 ex
418 2937 545 3004 promisso
571 2935 672 2990 abbatis
694 2937 734 2989 rei
757 2935 896 3004 cuiuslibet
919 2933 1104 2990 monachornm
1126 2935 1194 2990 inira
1216 2936 1330 2988 claustra
1350 2937 1566 2990 monasteriorum
1589 2934 1738 3005 hospitandi
1759 2940 1801 2999 rel

40 3005 196 3059 mmmm
212 3005 311 3062 hm
327 3006 549 3076 mmdflffl”a

1406 1647 1476 1697 ’,1

96 3104 182 3175 Mure
198 3107 322 3166 mones!
340 3111 426 3162 minue
439 3109 555 3177 gruem
567 3107 784 3179 adunabantur,
801 3108 1113 3175 nunccupantem
1131 3087 1262 3164 sumnum
1278 3109 1431 3177 obsequium
1446 3115 1608 3178 prestarent.
1635 3107 1725 3178 Neque
1734 3111 1802 3168 etaim
1828 3095 1833 3108 ⁸

40 3173 142 3228 nonam
157 3195 215 3234 eunt
231 3180 430 3248 tsnamrandm
448 3179 539 3246 caium
554 3179 751 3248 continentiam,
765 3196 839 3248 quam
855 3180 935 3234 ueluti
950 3179 1157 3238 summum‘uite
1172 3181 1249 3232 linem
1265 3179 1448 3248 sequebantur,
1458 3181 1542 3234 -iaoiie
1556 3177 1658 3250 mesori
1673 3185 1803 3246 pomino,

41 3241 80 3294 nisi
94 3250 171 3300 totam
186 3249 269 3303 uitam
284 3265 358 3302 auam
374 3259 409 3301 en
427 3255 492 3301 nutu
508 3249 648 3318 praesulum
664 3251 820 3318 compon'ere
837 3250 893 3304 sine
908 3247 961 3300 ulla
976 3245 1139 3302 dubitatione
1155 3245 1341 3302 studerent¹¹.

96 3347 133 3402 De
150 3353 312 3420 paupertatis
330 3351 417 3405 cilicio
434 3369 517 3422 pauca
532 3353 633 3408 sancita
646 3357 716 3404 sunt.
751 3351 834 3404 (lonc
853 3352 965 3418 August.
983 3354 1040 3416 c.‚1
1059 3356 1157 3418 negat..
1171 3350 1279 3404 abbates
1301 3350 1341 3403 uel
1364 3347 1505 3406 monachos
1524 3352 1686 3420 ”muare‘'
1707 3350 1803 3406 bebere

42 3411 129 3482 Μήτι,
146 3420 191 3474 sed
208 3417 360 3476 ”monacbis
375 3422 407 3478 ab
424 3423 517 3475 abbeie
535 3423 634 3475 uictum
651 3427 677 3473 et
695 3419 816 3472 uestitum
839 3426 1006 3473 conaretum‘’
1028 3417 1230 3488 impertiendum
1248 3435 1322 3486 esse,
1345 3425 1372 3472 et
1390 3419 1507 3472 isidorus
1522 3419 1624 3488 Hispal.
1640 3422 1695 3473 suia
1712 3435 1800 3473 mona-

41 3478 86 3536 cto
99 3485 221 3543 bonorum
239 3489 447 3545 communionem
465 3490 589 3558 praecipit.
630 3491 737 3542 Veteres
753 3496 841 3541 autern
856 3485 975 3542 monachi
993 3487 1134 3540 Britannia
1152 3492 1179 3538 et
1194 3486 1346 3554 Bibemiee,
1367 3487 1429 3540 iicet
1451 3485 1494 3540 bio
1511 3504 1646 3555 procerum
1662 3495 1690 3540 et
1708 3489 1801 3555 princi-

42 3566 93 3616 utm
107 3555 243 3614 mntem
265 3573 327 3626 erga
342 3559 455 3614 claustra
468 3575 571 3612 summa
585 3567 666 3624 meet,
682 3557 772 3626 paucis
790 3563 876 3610 tamen
892 3558 1006 3610 contenti
1023 3563 1106 3610 emat.
1148 3555 1249 3616 ‘’Nemo
1263 3558 1367 3618 enim”‚
1389 3565 1420 3608 ut
1434 3556 1509 3612 Beda
1523 3563 1614 3610 auctor
1632 3565 1688 3623 est,
1708 3560 1803 3611 anaai-

41 3622 96 3673 toria
109 3639 137 3677 ac
151 3628 331 3695 possessiones
345 3626 380 3680 ad
397 3627 572 3682 construenda
589 3627 746 3690 monasteria
766 3627 816 3678 nisi
837 3642 854 3678 a
875 3627 1048 3692 potestatibus
1070 3625 1150 3680 seculi
1168 3632 1276 3678 coactu
1293 3625 1451 3692 recipiebat·
1475 3627 1505 3694 (l,
1522 3643 1545 3678 c.
1564 3626 1610 3688 lli,
1629 3631 1667 3692 6),
1690 3634 1718 3680 et
1741 3627 1802 3678 Coi-

41 3701 117 3744 nanus
131 3695 270 3764 aliquando
285 3713 300 3749 a
315 3697 410 3750 comite
425 3695 536 3763 quodam
551 3703 670 3766 ‘’pamem
686 3696 750 3748 emit
763 3711 817 3746 raon
833 3695 965 3764 guandeca
982 3693 1016 3746 ad
1031 3692 1234 3746 construendum
1251 3695 1463 3756 monasterium”,
1479 3694 1553 3760 cujus
1571 3703 1663 3762 postea
1682 3693 1823 3748 nometi·

41 3757 76 3808 ”in
88 3775 176 3828 magna
194 3765 354 3820 continentia
368 3771 396 3817 et
410 3765 558 3818 sinceritate
572 3764 682 3833 proprio
703 3763 795 3816 lobon
811 3779 936 3814 munuum
953 3763 1090 3815 vivebant”
1114 3760 1190 3825 (ibid.
1207 3761 1260 3828 Ν,
1282 3761 1318 3828 5).
1361 3763 1402 3815 De
1421 3761 1555 3816 monacbis
1577 3761 1802 3818 benchorensibus

42 3823 98 3880 idum
113 3831 189 3886 Bedsa
204 3835 383 3889 testimonium
398 3849 478 3900 supra
492 3834 636 3888 attulimus.
671 3832 783 3884 Omnino
802 3832 858 3898 ipsa
873 3827 1008 3883 bominum
1027 3831 1175 3894 liberalitas,
1193 3830 1242 3898 qui
1258 3845 1337 3896 agros
1354 3833 1518 3885 monasteriis
1536 3833 1653 3885 conterre
1674 3834 1801 3896 solebant,
1831 3861 1832 3864 =

43 3895 167 3970 lwhibuit,
184 3921 234 3970 quo
250 3904 337 3956 minna
353 3900 473 3956 monachi
489 3903 598 3968 maculae
612 3899 798 3954 retruderent.
838 3899 937 3952 Quibus
952 3905 1041 3952 autom
1055 3915 1133 3966 egros
1148 3898 1250 3952 colendi
1267 3899 1410 3954 necessitas
1433 3909 1489 3966 est,
1510 3898 1538 3954 bi
1557 3916 1661 3982 morum
1682 3887 1803 3954 droma-

42 3969 84 4015 tem
99 3973 189 4024 sensim
208 3972 340 4042 deponere
354 3971 448 4024 soient.
483 3969 601 4034 Accedit,
617 3968 686 4038 quod
703 3965 832 4034 monac-iri,
848 3967 960 4020 maxima
976 3968 1117 4020 Britanniae
1131 3968 1230 4033 insulse,
1253 3969 1345 4020 litteris
1361 3969 1495 4034 vacabant,
1513 3976 1540 4021 et
1557 3969 1714 4022 indelessum
1734 3973 1803 4022 babo-

2045 851 2097 916 Ν.

1911 954 2003 1010 Vidua
2021 973 2103 1020 sacra,
2122 973 2178 1028 quae
2193 963 2270 1016 etiarn

1870 1067 2014 1136 religiosae,
2032 1073 2172 1140 proiecere,
2193 1073 2270 1129 dero
2370 1087 2375 1104 ·

1870 1187 1913 1247 tae,
1924 1173 2135 1240 'sanctimoniales
2145 1191 2270 1243 uocaban-

1870 1301 1922 1361 tur,
1938 1294 2068 1362 pueilaeet
2082 1297 2169 1352 uidere
2185 1309 2273 1367 erant,

1869 1422 1927 1472 quse
1950 1405 2009 1462 Deo
2041 1423 2070 1464 re
2101 1409 2270 1468 murdrum.
2313 1475 2319 1490 .

1870 1520 1920 1572 Hae
1940 1526 1987 1573 ant
2004 1521 2030 1573 in
2048 1519 2170 1576 domibus
2186 1527 2268 1592 prirn-

1869 1631 1903 1683 tia
1917 1639 1963 1684 aut
1979 1633 2004 1686 in
2013 1637 2178 1690 monasteriis
2192 1637 2268 1706 dege·

1868 1741 1938 1796 bant.
1978 1744 2049 1798 Quas
2070 1748 2092 1800 si
2114 1749 2156 1816 qui
2183 1757 2269 1820 raptas

1868 1858 1894 1910 in
1918 1859 2111 1916 matrimonium
2134 1861 2268 1931 duxisset,

1868 1971 1988 2040 ’rapitur
2017 1976 2148 2040 sententia
2178 1978 2266 2034 terire-

1869 2089 1929 2140 tur”
1944 2081 2044 2150 (uitet.
2064 2083 2181 2145 chloran
2193 2089 2227 2158 li,
2242 2111 2266 2146 ιι.

1866 2199 1940 2268 ιιι).
1970 2196 2054 2276 prop
2067 2199 2089 2254 at
2107 2185 2194 2258 sireni
2210 2205 2267 2272 rpus

1854 2291 1960 2365 ¹nnrrllcr
1968 2314 2265 2382 mnuurlmewnaure·

1868 2421 1942 2474 atrati
1961 2422 1995 2476 ab
2015 2420 2124 2482 inuicem
2145 2425 2170 2484 in
2189 2427 2266 2486 exilio
2336 2405 2350 2419 '⁴

1865 2529 2076 2602 deponerentur,
2092 2543 2119 2589 et
2131 2537 2266 2596 laenitate·

1867 2661 1957 2702 norum
1982 2649 2132 2717 propinetis
2156 2647 2265 2708 ltmterii·

1867 2731 2197 2832 coenomanorum
2218 2765 2265 2822 sn
2356 2845 2359 2852 1

1858 2887 1928 2928 uero
1951 2874 2040 2942 abnuis
2068 2893 2127 2931 mm
2152 2848 2269 2934 icauna,

1868 2989 2055 3046 smctimoniali
2107 2993 2265 3052 admenta·

1869 3101 2055 3170 commisisset,
2078 3093 2141 3162 ”CC
2168 3107 2265 3168 solidos

1868 3177 2060 3292 conponerent
2156 3244 2160 3255 ·

42 4041 86 4084 tem
100 4036 123 4088 in
139 4040 304 4106 praedicando
319 4039 470 4106 religionem
487 4039 656 4092 collocabant.
692 4039 865 4102 Quamobrem
882 4033 908 4088 hi
925 4053 1034 4103 summu,
1050 4052 1099 4104 qua
1114 4035 1274 4104 gaudebant,
1289 4037 1382 4105 populi
1398 4039 1480 4114 totius
1497 4039 1642 4091 reuerentia
1659 4046 1687 4090 et
1704 4036 1804 4092 bonore
1911 4079 1918 4104 ,

43 4095 101 4156 itud
113 4117 184 4163 eram
199 4110 315 4178 indignis
332 4115 360 4161 et
377 4109 514 4178 multipiici
531 4109 635 4162 nomine
650 4107 812 4176 presbyteria
828 4106 948 4158 meliores
965 4114 1048 4158 erant

100 4205 164 4262 iiiuc
180 4227 237 4266 rnoa
251 4211 360 4264 inusinit
375 4211 512 4278 episcopos
529 4225 545 4262 c
560 4208 652 4264 mediis
672 4205 806 4262 monacbis
822 4207 1012 4276 constituendi3
1038 4205 1107 4262 unde
1128 4205 1224 4260 iterum
1246 4205 1383 4274 monachi,
1408 4221 1458 4276 quo
1475 4209 1578 4264 facilius
1598 4205 1804 4292 bocdignitatie

42 4271 205 4333 manatione
219 4281 354 4347 imtigium
373 4279 540 4345 attingerent,
554 4279 690 4341 curabant,
709 4284 739 4331 nt
757 4279 805 4345 ipsi
823 4275 1005 4332 ordinarentur
1022 4277 1125 4331 diaconi
1140 4281 1169 4328 et
1185 4275 1338 4342 presbyteri.
1373 4277 1463 4343 Itaque
1479 4279 1563 4330 onais
1580 4277 1801 4330 tollebaturuocrc

43 4342 129 4396 adicis
141 4353 373 4417 monasterum
388 4346 590 4400 uiuentem:
615 4347 672 4402 Qua
688 4363 716 4400 re
730 4345 868 4401 Benedicti
882 4348 1000 4414 regulam
1016 4348 1171 4414 migrabant.
1201 4344 1267 4398 Haec
1281 4345 1350 4397 euim
1366 4347 1453 4414 plures
1471 4344 1614 4400 monachos
1634 4347 1801 4412 presbyteros

43 4407 231 4488 eminentiores,
249 4433 324 4488 quam
341 4417 434 4483 quibus
449 4431 516 4481 opus
530 4416 566 4468 sit
583 4415 617 4468 ad
632 4431 706 4468 sacra
723 4417 864 4469 ministeria
880 4417 907 4468 in
924 4415 988 4484 ipris
1010 4414 1141 4469 coenobiis
1165 4413 1267 4484 agenda
1286 4413 1350 4480 (uid.
1368 4430 1424 4482 reg.
1447 4415 1544 4468 Bened
1566 4433 1587 4467 c.
1607 4417 1672 4479 tib).
1712 4415 1802 4482 Neque

44 4481 115 4532 tumen
129 4479 178 4538 lnoc
195 4489 221 4540 in
239 4488 359 4540 omnibus
375 4485 439 4538 locis
456 4484 549 4537 eodem
565 4483 644 4538 modo
659 4485 714 4537 lieri
730 4484 837 4538 solebat.
874 4473 903 4536 in
915 4486 1071 4551 Britannia,
1088 4499 1145 4551 quse
1161 4480 1347 4536 monachorum
1363 4483 1547 4550 predicatione
1564 4483 1599 4536 ad
1615 4499 1687 4536 sema
1703 4482 1812 4536 Christi,

44 4557 149 4604 turtum
162 4565 232 4624 erat,
253 4551 372 4610 monacbi
390 4551 560 4606 sacerdotatis
575 4554 677 4618 munia,
701 4553 803 4607 nemine
818 4551 868 4606 lioc
883 4555 1086 4636 regrederente,
1108 4553 1230 4613 obibantr
1251 4553 1289 4602 ita
1306 4558 1337 4607 ut
1351 4548 1470 4606 homines
1486 4553 1597 4605 ”diebus
1615 4552 1753 4608 dominicis
1768 4551 1802 4606 ad

46 4611 174 4675 &eletione
188 4627 243 4679 aius
261 4625 297 4678 ud
315 4622 475 4676 monasterio
493 4623 620 4689 certatim,
637 4621 761 4676 audiendi
778 4623 904 4676 sermonis
921 4626 968 4676 Ber
982 4623 1067 4688 gratia
1085 4623 1262 4675 confluerent’
1278 4619 1355 4686 (Bed.
1373 4619 1494 4688 11126).
1527 4621 1623 4676 Exstat
1641 4637 1741 4688 quoqne
1757 4621 1802 4676 de-

45 4692 129 4740 cretum
146 4691 270 4748 Boniiacii
287 4691 331 4756 Ν,
351 4691 543 4759 promulgatum
558 4691 585 4742 iu
600 4690 700 4758 synodo
715 4691 834 4743 &mana
848 4707 872 4742 a.
888 4695 949 4757 iilo,
964 4688 1033 4757 quod
1051 4686 1184 4742 monacbis
1202 4688 1317 4742 uindicat
1339 4695 1496 4757 potestatem
1511 4691 1615 4758 singula
1633 4691 1801 4744 sacerdotalis
1878 4723 1882 4728 ·

45 4749 110 4806 elicii
125 4765 209 4816 munia
223 4759 435 4816 ministrarum.
476 4759 530 4812 Sed
547 4759 681 4812 Gallorum
697 4774 770 4811 sacer
784 4757 857 4826 ordo,
875 4759 938 4812 talia
954 4760 1088 4824 aegerrime
1102 4757 1236 4818 retemta
1257 4772 1330 4809 conc.
1346 4759 1437 4810 incerti
1454 4759 1504 4812 loci
1521 4776 1545 4812 c.
1561 4775 1657 4813 annunt
1669 4764 1721 4815 616
1734 4777 1759 4814 c.
1775 4763 1802 4814 b.

45 4815 156 4883 demerim
174 4840 221 4886 ”nt
236 4834 305 4885 tntm
319 4836 396 4897 repta
408 4827 560 4882 moutarn
575 4844 627 4882 aon
643 4828 798 4896 baptizetur,
813 4844 861 4882 neo
875 4827 965 4882 Misce
980 4827 1162 4882 detunctorum
1176 4826 1343 4879 amularium
1358 4827 1546 4880 celebrentur’t

101 4926 128 4978 Si
143 4939 228 4986 autem
243 4938 386 4999 mactatur,
411 4947 469 5000 oure
488 4935 559 4984 esset
574 4930 602 4980 in
620 4929 697 4982 uariis
714 4929 802 4995 regnis
817 4945 917 4980 morum
933 4930 1051 4998 ipreomru
1068 4929 1199 4989 ocrim
1221 4923 1279 4980 brec
1295 4928 1408 4981 breviter
1429 4927 1540 4982 dicenda
1563 4925 1655 4984 babeo.
1697 4931 1726 4983 ln
1743 4931 1801 4985 Bri-

46 4992 119 5044 tannia
134 4997 215 5056 insuia
229 5000 347 5058 monacbi
363 5001 434 5068 agris
451 4997 614 5065 subigendis,
630 4997 749 5063 religioni
763 4996 897 5050 tradendae
910 5007 940 5052 et
960 4998 1053 5052 litteris
1074 4997 1190 5050 uniendis
1208 4997 1317 5066 egregio
1338 4997 1428 5052 studio
1449 5004 1477 5051 et
1496 4998 1584 5051 labora
1606 4999 1800 5056 incumbebant.

46 5051 70 5106 lu
82 5059 199 5132 ilispania
214 5074 297 5140 magis
312 5069 518 5136 contemplative
533 5069 593 5120 uites
610 5081 685 5132 quam
702 5065 782 5118 labori
797 5063 949 5128 studebant,
962 5075 992 5120 et
1006 5067 1192 5120 tumultuosius
1208 5067 1315 5134 passim,
1332 5067 1511 5137 coepiscopis
1528 5069 1656 5137 opproeri,
1678 5071 1801 5138 agebant.

48 5121 70 5174 ¹¹¹
82 5127 157 5188 Gellia
170 5147 266 5209 autem,
282 5142 325 5196 nbi
340 5139 516 5196 ecclesiastica
531 5136 667 5205 disciplina
682 5133 763 5188 lenior
781 5141 849 5204 eret,
861 5136 952 5206 majori
967 5137 1071 5192 licentia
1087 5135 1237 5190 utebantur.
1350 5139 1354 5149 '
